@InProceedings{Klinov:2011:HMP,
  author =       "Pavel Klinov and Bijan Parsia",
  title =        "A Hybrid Method for Probabilistic Satisfiability",
  booktitle =    "Proc. CADE 2011",
  year =         "2011",
  pages =        "354--368",
  editor =       "Nikolaj Bj{\o}rner and Viorica Sofronie-Stokkermans",
  publisher =    "Springer",
  series =       "Lecture Notes in Computer Science",
  volume =       "6803",
}

@InProceedings{Lutz:2010:PDL,
  author =       "Carsten Lutz and Lutz Schr{\"o}der",
  title =        "Probabilistic Description Logics for Subjective
                 Uncertainty",
  booktitle =    "Proc. KR 2010",
  year =         "2010",
  editor =       "Fangzhen Lin and Ulrike Sattler and Miroslaw
                 Truszczynski",
  publisher =    "AAAI Press",
}

@InProceedings{Lellmann:2011:CES,
  author =       "Bj{\"o}rn Lellmann and Dirk Pattinson",
  title =        "Cut Elimination for Shallow Modal Logics",
  booktitle =    "Proc. TABLEAUX 2011",
  year =         "2011",
  pages =        "211--225",
  editor =       "Kai Br{\"u}nnler and George Metcalfe",
  publisher =    "Springer",
  series =       "Lecture Notes in Computer Science",
  volume =       "6793",
}

@Article{Tsarkov:2007:OTR,
  author =       "Dmitry Tsarkov and Ian Horrocks and Peter F.
                 Patel-Schneider",
  title =        "Optimizing Terminological Reasoning for Expressive
                 Description Logics",
  journal =      "J. Autom. Reasoning",
  volume =       "39",
  number =       "3",
  year =         "2007",
  pages =        "277--316",
}

@Misc{Knublauch:2003:ATR,
  author =       "Holger Knublauch",
  organization = "javaworld.com",
  URL =          "http://www.javaworld.com/javaworld/jw-06-2003/jw-0620-protege.html",
  title =        "An {AI} tool for the real world",
  note =         "http://www.javaworld.com/javaworld/jw-06-2003/jw-0620-protege.html",
  year =         "2003",
}

@Misc{ofMedicine:2012:POE,
  author =       "Stanford University School of Medicine",
  title =        "The Protege Ontology Editor",
  URL =          "http://protege.stanford.edu",
  note =         "http://protege.stanford.edu",
  year =         "2012",
}

@Article{Halpern:1990:AFO,
  author =       "Joseph Y. Halpern",
  title =        "An Analysis of First-Order Logics of Probability",
  journal =      "Artif. Intell.",
  volume =       "46",
  number =       "3",
  year =         "1990",
  pages =        "311--350",
}

@Article{Bobillo:2011:FOR,
  author =       "Fernando Bobillo and Umberto Straccia",
  title =        "Fuzzy ontology representation using {OWL} 2",
  journal =      "Int. J. Approx. Reasoning",
  volume =       "52",
  number =       "7",
  year =         "2011",
  pages =        "1073--1094",
}

@InProceedings{Bergfeld:2011:MCM,
  author =       "Jort Bergfeld and Yde Venema",
  title =        "Model Constructions for Moss' Coalgebraic Logic",
  booktitle =    "Proc. CALCO 2011",
  year =         "2011",
  pages =        "100--114",
  editor =       "Andrea Corradini and Bartek Klin and Corina
                 C\^{\i}rstea",
  publisher =    "Springer",
  series =       "Lecture Notes in Computer Science",
  volume =       "6859",
}

@Article{Pitts:1992:ISO,
  author =       "Andrew M. Pitts",
  title =        "On an Interpretation of Second Order Quantification in
                 First Order Intuitionistic Propositional Logic",
  journal =      "J. Symb. Log.",
  volume =       "57",
  number =       "1",
  year =         "1992",
  pages =        "33--52",
}

@PhdThesis{French:2006:BQM,
  author =       "Tim French",
  title =        "Bisimulation Quantifiers for Modal Logic",
  school =       "Department of Computer Science and Software
                 Engineering, University of Western Australia",
  year =         "2006",
}

@Article{Adamek:1972:CGA,
  author =       "J. Adamek and V. Koubek and V. Pohlova",
  title =        "Colimits in generalized algebraic categories",
  journal =      "Acta Universitatis Carolinae",
  volume =       "13",
  year =         "1972",
  pages =        "311--324",
}

@Article{Ghilardi:1999:UIL,
  author =       "Silvio Ghilardi",
  title =        "Unification in Intuitionistic Logic",
  journal =      "J. Symb. Log.",
  volume =       "64",
  number =       "2",
  year =         "1999",
  pages =        "859--880",
}

@InProceedings{Kupke:2010:MLL,
  author =       "C. Kupke and D. Pattinson",
  title =        "On Modal Logics of Linear Inequalities",
  booktitle =    "Proc. AiML 2010",
  editor =       "V. Goranko and V. Shehtman",
  publisher =    "College Publications",
  year =         "2010",
}

@Article{Schroder:2010:RLC,
  author =       "L. Schr{\"{o}}der and D. Pattinson",
  title =        "Rank-1 Logics are Coalgebraic",
  journal =      "Journal of Logic and Computation",
  volume =       "20",
  number =       "5",
  pages =        "1113--1147",
  year =         "2010",
}

@Article{Kupke:2011:CSM,
  author =       "C. Kupke and D. Pattinson",
  title =        "Coalgebraic Semantics of Modal Logics: an Overview",
  journal =      "Theoretical Computer Science",
  note =         "Special issue CMCS 2010",
  volume =       "412",
  number =       "38",
  year =         "2011",
  pages =        "5070--5094",
}

@Article{Bilkova:2007:UIP,
  author =       "Marta B\'{\i}lkov{\'a}",
  title =        "Uniform Interpolation and Propositional Quantifiers in
                 Modal Logics",
  journal =      "Studia Logica",
  volume =       "85",
  number =       "1",
  year =         "2007",
  pages =        "1--31",
}

@InProceedings{Dershowitz:1979:PTM,
  author =       "Nachum Dershowitz and Zohar Manna",
  title =        "Proving termination with Multiset Orderings",
  booktitle =    "Proc. ICALP 1979",
  year =         "1979",
  pages =        "188--202",
  editor =       "Hermann A. Maurer",
  publisher =    "Springer",
  series =       "Lecture Notes in Computer Science",
  volume =       "71",
}

@Article{Hajek:2005:MFD,
  author =       "Petr H{\'a}jek",
  title =        "Making fuzzy description logic more general",
  journal =      "Fuzzy Sets and Systems",
  volume =       "154",
  nonumber =     "1",
  year =         "2005",
  pages =        "1--15",
}

@Article{Lukasiewicz:2008:MUV,
  author =       "Thomas Lukasiewicz and Umberto Straccia",
  title =        "Managing uncertainty and vagueness in description
                 logics for the Semantic Web",
  journal =      "J. Web Sem.",
  volume =       "6",
  number =       "4",
  year =         "2008",
  pages =        "291--308",
}

@InProceedings{Straccia:2005:DLF,
  author =       "Umberto Straccia",
  booktitle =    "Proc. Uncertainty in Artificial Intelligence 2005",
  title =        "Description Logics with Fuzzy Concrete Domains",
  pages =        "559--567",
  noeditor =     "F. Bachus and T. Jaakkola",
  publisher =    "AUAI Press",
  year =         "2005",
}

@InProceedings{Schroder:2011:DLF,
  title =        "Description Logics and Fuzzy Probability",
  author =       "L. Schr{\"o}der and D. Pattinson",
  booktitle =    "Proc. IJCAI 2011",
  editor =       "T. Walsh",
  year =         "2011",
  publisher =    "AAAI Press",
  pages =        "1075--1080",
}

@Article{Bobillo:2011:RFM,
  author =       "Fernando Bobillo and Umberto Straccia",
  journal =      "Information Sci.",
  volume =       "181",
  noissue =      "4",
  pages =        "758--778",
  nopublisher =  "Elsevier",
  title =        "Reasoning with the Finitely Many-valued
                 {{\L{}}}ukasiewicz Fuzzy Description Logic
                 {$\mathcal{SROIQ}$}",
  year =         "2011",
}

@Article{Stoilos:2007:RVE,
  altauthor =    "Giorgos Stoilos and Giorgos B. Stamou and Jeff Z. Pan
                 and Vassilis Tzouvaras and Ian Horrocks",
  author =       "Giorgos Stoilos and Giorgos Stamou and Jeff Pan and
                 Vassilis Tzouvaras and Ian Horrocks",
  title =        "Reasoning with Very Expressive Fuzzy Description
                 Logics",
  altjournal =   "J. Artif. Intell. Res. (JAIR)",
  journal =      "JAIR",
  volume =       "30",
  year =         "2007",
  pages =        "273--320",
}

@Article{Hahnle:1994:MVL,
  author =       "Reiner H{\"{a}}hnle",
  title =        "Many-valued Logic and Mixed Integer Programming",
  journal =      "Annals of Mathematics and Artificial Intelligence",
  volume =       "12",
  year =         "1994",
  pages =        "231--263",
}

@Article{Olivetti:2003:TUI,
  title =        "Tableaux for ≈Åukasiewicz Infinite-Valued Logic",
  author =       "Nicola Olivetti",
  journal =      "Studia Logica",
  volume =       "73",
  number =       "1",
  year =         "2003",
  pages =        "81--111",
}

@Book{Cignoli:1999:AFM,
  author =       "R. Cignoli and I. d'Ottaviano and D. Mundici",
  title =        "Algebraic Foundations of Many-Valued Reasoning",
  series =       "Trends in Logic",
  number =       "7",
  publisher =    "Kluwer",
  year =         "1999",
}

@Book{Metcalfe:2008:PTF,
  author =       "G. Metcalfe and N. Olivetti and D. Gabbay",
  title =        "Proof Theory for Fuzzy Logics",
  publisher =    "Springer",
  series =       "Series in Applied Logic",
  number =       "36",
  year =         "2008",
}

@InProceedings{Bou:2011:FVL,
  author =       "F{\'e}lix Bou and Marco Cerami and Francesc Esteva",
  title =        "Finite-Valued Lukasiewicz Modal Logic Is
                 {PSPACE}-Complete",
  booktitle =    "Proc. IJCAI 2011",
  year =         "2011",
  pages =        "774--779",
  editor =       "Toby Walsh",
  publisher =    "IJCAI/AAAI",
}

@Article{Bobillo:2011:FFM,
  author =       "Fernando Bobillo and F{\'e}lix Bou and Umberto
                 Straccia",
  title =        "On the failure of the finite model property in some
                 Fuzzy Description Logics",
  journal =      "Fuzzy Sets and Systems",
  volume =       "172",
  number =       "1",
  year =         "2011",
  pages =        "1--12",
}

@Article{Negri:2011:PTM,
  author =       "S. Negri",
  title =        "Proof Theory for Modal Logic",
  journal =      "Philosophy Compass",
  volume =       "6",
  pages =        "523--538",
  year =         "2011",
}

@Article{Sontag:1985:RAP,
  author =       "Eduardo D. Sontag",
  title =        "Real Addition and the Polynomial Hierarchy",
  journal =      "Inf. Process. Lett.",
  volume =       "20",
  number =       "3",
  year =         "1985",
  pages =        "115--120",
}

@Article{Pfenning:2001:JRM,
  author =       "Frank Pfenning and Rowan Davies",
  title =        "A judgmental reconstruction of modal logic",
  journal =      "Mathematical Structures in Computer Science",
  volume =       "11",
  number =       "4",
  year =         "2001",
  pages =        "511--540",
}

@InProceedings{Alechina:2001:CKS,
  author =       "Natasha Alechina and Michael Mendler and Valeria de
                 Paiva and Eike Ritter",
  title =        "Categorical and Kripke Semantics for Constructive {S4}
                 Modal Logic",
  booktitle =    "Proc. CSL 2001",
  year =         "2001",
  pages =        "292--307",
  editor =       "Laurent Fribourg",
  publisher =    "Springer",
  series =       "Lecture Notes in Computer Science",
  volume =       "2142",
}

@InProceedings{Marti:2012:LEC,
  author =       "Johannes Marti and Yde Venema",
  title =        "Lax Extensions of Coalgebra Functors",
  booktitle =    "Proc. CMCS 2012",
  year =         "2012",
  pages =        "150--169",
  editor =       "Dirk Pattinson and Lutz Schr{\"o}der",
  publisher =    "Springer",
  series =       "Lecture Notes in Computer Science",
  volume =       "7399",
}

@InProceedings{Visser:1996:UIL,
  author =       "A. Visser",
  title =        "Uniform Interpolation and Lauered Bisimulation",
  editor =       "Petr H{\'a}jek",
  booktitle =    "G{\"o}del 96",
  publisher =    "Springer",
  year =         "1996",
  pages =        "139--164",
}

@Article{Ghilardi:1995:ATN,
  author =       "Silvio Ghilardi",
  title =        "An Algebraic Theory of Normal Forms",
  journal =      "Ann. Pure Appl. Logic",
  volume =       "71",
  number =       "3",
  year =         "1995",
  pages =        "189--245",
}

@Article{Bicarregui:2001:IPF,
  author =       "Juan Bicarregui and Theodosis Dimitrakos and Dov M.
                 Gabbay and T. S. E. Maibaum",
  title =        "Interpolation in Practical Formal Development",
  journal =      "Logic Journal of the IGPL",
  volume =       "9",
  number =       "2",
  year =         "2001",
  pages =        "231--244",
}

DBLP BibTeX Record 'journals/sLogica/GhilardiZ95'

@Article{Ghilardi:1995:UPQ,
  author =       "Silvio Ghilardi and Marek W. Zawadowski",
  title =        "Undefinability of propositional quantifiers in the
                 modal system {S4}",
  journal =      "Studia Logica",
  volume =       "55",
  number =       "2",
  year =         "1995",
  pages =        "259--271",
}

@Article{DAgostino:2008:INC,
  author =       "Giovanna D'Agostino",
  title =        "Interpolation in non-classical logics",
  journal =      "Synthese",
  volume =       "164",
  number =       "3",
  year =         "2008",
  pages =        "421--435",
}

@Article{Montagna:2003:KSS,
  author =       "Franco Montagna and Lorenzo Sacchetti",
  title =        "Kripke-style semantics for many-valued logics",
  journal =      "Math. Log. Q.",
  volume =       "49",
  number =       "6",
  year =         "2003",
  pages =        "629--641",
}

@InProceedings{Ciabattoni:2005:URD,
  author =       "Agata Ciabattoni and Christian G. Ferm{\"u}ller and
                 George Metcalfe",
  title =        "Uniform Rules and Dialogue Games for Fuzzy Logics",
  booktitle =    "Proc. LPAR 2004",
  pages =        "496--510",
  editor =       "Franz Baader and Andrei Voronkov",
  publisher =    "Springer",
  series =       "Lecture Notes in Computer Science",
  volume =       "3452",
  year =         "2005",
}

@Article{Fermuller:2009:GGP,
  author =       "Christian G. Ferm{\"u}ller and George Metcalfe",
  title =        "Giles's Game and the Proof Theory of Lukasiewicz
                 Logic",
  journal =      "Studia Logica",
  volume =       "92",
  number =       "1",
  year =         "2009",
  pages =        "27--61",
}

@InProceedings{Gutierrez-Basulto:2011:CLP,
  author =       "V\'{\i}ctor Guti{\'e}rrez-Basulto and Jean Christoph
                 Jung and Carsten Lutz and Lutz Schr{\"o}der",
  title =        "A Closer Look at the Probabilistic Description Logic
                 Prob-{EL}",
  booktitle =    "Proc. AAAI 2011",
  year =         "2011",
  editor =       "Wolfram Burgard and Dan Roth",
  publisher =    "AAAI Press",
}

@InProceedings{Luna:2011:LPD,
  author =       "Jos{\'e} Eduardo Ochoa Luna and Kate Revoredo and
                 Fabio Gagliardi Cozman",
  title =        "Learning Probabilistic Description Logics: {A}
                 Framework and Algorithms",
  booktitle =    "Proc. MICAI 2011",
  pages =        "28--39",
  editor =       "Ildar Z. Batyrshin and Grigori Sidorov",
  publisher =    "Springer",
  series =       "Lecture Notes in Computer Science",
  volume =       "7094",
  year =         "2011",
}

@InProceedings{Revoredo:2011:LTP,
  author =       "Kate Revoredo and Jos{\'e} Eduardo Ochoa Luna and
                 Fabio Gagliardi Cozman",
  title =        "Learning Terminologies in Probabilistic Description
                 Logics",
  booktitle =    "Proc. SBIA 2010",
  pages =        "41--50",
  editor =       "Ant{\^o}nio Carlos da Rocha Costa and Rosa Maria
                 Vicari and Flavio Tonidandel",
  publisher =    "Springer",
  series =       "Lecture Notes in Computer Science",
  volume =       "6404",
  year =         "2011",
}

@Misc{Girshick:2013:DTD,
  author =       "R. B. Girshick and P. F. Felzenszwalb and D.
                 McAllester",
  title =        "Discriminatively Trained Deformable Part Models,
                 Release 5",
  year =         "2013",
  howpublished = "http://people.cs.uchicago.edu/~rbg/latent-release5/",
}

@Article{Felzenszwalb:2010:ODD,
  title =        "Object Detection with Discriminatively Trained Part
                 Based Models",
  author =       "P. F. Felzenszwalb and R. B. Girshick and D.
                 McAllester and D. Ramanan",
  journal =      "IEEE Transactions on Pattern Analysis and Machine
                 Intelligence",
  year =         "2010",
  volume =       "32",
  number =       "9",
  pages =        "1627--1645",
}

@Misc{Everingham:2012:PVO,
  title =        "The {PASCAL} Visual Object Classes Challenge
                 ({VOC2012})",
  author =       "Mark Everingham and Luc van Gool and Chris Williams
                 and John Winn and Andrew Zisserman",
  howpublished = "http://pascallin.ecs.soton.ac.uk/challenges/VOC/voc2012/index.html",
  year =         "2012",
}

@Article{Gaifman:1964:CMF,
  author =       "Haim Gaifman",
  title =        "Concerning measures in first order calculi",
  journal =      "Israel Journal of Mathematics",
  number =       "2",
  volume =       "1",
  pages =        "1-‚Äì18",
  year =         "1964",
}

@Book{Boole:1854:ILT,
  author =       "G. Boole",
  title =        "An Investigation of the Laws of Thought on which are
                 founded the Mathematical Theories of Logic and
                 Probabilities.",
  publisher =    "Walton and Maberly",
  year =         "1854",
}

@Article{Lukasiewicz:2008:EPD,
  author =       "Thomas Lukasiewicz",
  title =        "Expressive probabilistic description logics",
  journal =      "Artif. Intell.",
  volume =       "172",
  number =       "6-7",
  year =         "2008",
  pages =        "852--883",
}

@Article{Hutter:2013:PSE,
  author =       "Marcus Hutter and John W. Lloyd and Kee Siong Ng and
                 William T. B. Uther",
  title =        "Probabilities on Sentences in an Expressive Logic",
  journal =      "Journal of Applied Logic",
  year =         "2013",
  note =         "in press.",
}

@InProceedings{Heinsohn:1994:PDL,
  author =       "Jochen Heinsohn",
  title =        "Probabilistic Description Logics",
  booktitle =    "Proc. UAI 1994",
  year =         "1994",
  pages =        "311--318",
  editor =       "Ramon L{\'o}pez de M{\'a}ntaras and David Poole",
  publisher =    "Morgan Kaufmann",
}

@InProceedings{Jaeger:1994:PRT,
  author =       "Manfred Jaeger",
  title =        "Probabilistic Reasoning in Terminological Logics",
  booktitle =    "Proc. KR 1994",
  year =         "1994",
  pages =        "305--316",
  editor =       "Jon Doyle and Erik Sandewall and Pietro Torasso",
  publisher =    "Morgan Kaufmann",
}

@InProceedings{Snell:2012:SGP,
  author =       "William Snell and Dirk Pattinson and Florian Widmann",
  title =        "Solving Graded/Probabilistic Modal Logic via Linear
                 Inequalities (System Description)",
  booktitle =    "Proc. LPAR 2012",
  year =         "2012",
  pages =        "383--390",
  editor =       "Nikolaj Bj{\o}rner and Andrei Voronkov",
  publisher =    "Springer",
  series =       "Lecture Notes in Computer Science",
  volume =       "7180",
}

@InProceedings{Klinov:2013:PPP,
  author =       "Pavel Klinov and Bijan Parsia",
  title =        "Pronto: {A} Practical Probabilistic Description Logic
                 Reasoner",
  booktitle =    "Proc. URSW 2008-2010 and UniDL 2010",
  year =         "2013",
  pages =        "59--79",
  editor =       "Fernando Bobillo and Paulo Cesar G. da Costa and
                 Claudia d'Amato and Nicola Fanizzi and Kathryn B.
                 Laskey and Kenneth J. Laskey and Thomas Lukasiewicz and
                 Matthias Nickles and Michael Pool",
  publisher =    "Springer",
  series =       "Lecture Notes in Computer Science",
  volume =       "7123",
}

@InProceedings{Revoredo:2010:LTP,
  author =       "Kate Revoredo and Jos{\'e} Eduardo Ochoa Luna and
                 Fabio Gagliardi Cozman",
  title =        "Learning Terminologies in Probabilistic Description
                 Logics",
  booktitle =    "Proc. SBIA 2010",
  pages =        "41--50",
  editor =       "Ant{\^o}nio Carlos da Rocha Costa and Rosa Maria
                 Vicari and Flavio Tonidandel",
  publisher =    "Springer",
  series =       "Lecture Notes in Computer Science",
  volume =       "6404",
  year =         "2010",
}

@InProceedings{Sato:1995:SLM,
  author =       "Taisuke Sato",
  title =        "A Statistical Learning Method for Logic Programs with
                 Distribution Semantics",
  booktitle =    "Proc. ICLP 1995",
  year =         "1995",
  pages =        "715--729",
  publisher =    "MIT Press",
  editor =       "Leon Sterling",
}

@Article{Muggleton:2000:LSL,
  author =       "Stephen Muggleton",
  title =        "Learning Stochastic Logic Programs",
  journal =      "Electron. Trans. Artif. Intell.",
  volume =       "4",
  number =       "B",
  year =         "2000",
  pages =        "141--153",
}

@Article{Ngo:1997:AQC,
  author =       "Liem Ngo and Peter Haddawy",
  title =        "Answering Queries from Context-Sensitive Probabilistic
                 Knowledge Bases",
  journal =      "Theor. Comput. Sci.",
  volume =       "171",
  number =       "1-2",
  year =         "1997",
  pages =        "147--177",
}

@InProceedings{Kersting:2001:TCI,
  author =       "Kristian Kersting and Luc De Raedt",
  title =        "Towards Combining Inductive Logic Programming with
                 Bayesian Networks",
  booktitle =    "Proc. ILP 2001",
  year =         "2001",
  pages =        "118--131",
  editor =       "C{\'e}line Rouveirol and Mich{\`e}le Sebag",
  publisher =    "Springer",
  series =       "Lecture Notes in Computer Science",
  volume =       "2157",
}

@InCollection{Raedt:2010:SRL,
  author =       "Luc De Raedt and Kristian Kersting",
  title =        "Statistical Relational Learning",
  booktitle =    "Encyclopedia of Machine Learning",
  year =         "2010",
  pages =        "916--924",
  editor =       "Claude Sammut and Geoffrey I. Webb",
  publisher =    "Springer",
}

@InProceedings{Getoor:2001:LPM,
  author =       "Lise Getoor and Nir Friedman and Daphne Koller and
                 Benjamin Taskar",
  title =        "Learning Probabilistic Models of Relational
                 Structure",
  booktitle =    "Proc. ICML 2001",
  year =         "2001",
  pages =        "170--177",
  editor =       "Carla E. Brodley and Andrea Pohoreckyj Danyluk",
  publisher =    "Morgan Kaufmann",
}

@Article{Knorr:2011:LCW,
  author =       "Matthias Knorr and Jos{\'e} J{\'u}lio Alferes and
                 Pascal Hitzler",
  title =        "Local closed world reasoning with description logics
                 under the well-founded semantics",
  journal =      "Artif. Intell.",
  volume =       "175",
  number =       "9-10",
  year =         "2011",
  pages =        "1528--1554",
}

@Article{Motik:2010:RDL,
  author =       "Boris Motik and Riccardo Rosati",
  title =        "Reconciling description logics and rules",
  journal =      "J. ACM",
  volume =       "57",
  number =       "5",
  year =         "2010",
}

@Article{Cirstea:2011:MLC,
  author =       "Corina C\^{\i}rstea and Alexander Kurz and Dirk
                 Pattinson and Lutz Schr{\"o}der and Yde Venema",
  title =        "Modal Logics are Coalgebraic",
  journal =      "Comput. J.",
  volume =       "54",
  number =       "1",
  year =         "2011",
  pages =        "31--41",
}

@InProceedings{Koller:1997:PCT,
  author =       "Daphne Koller and Alon Y. Levy and Avi Pfeffer",
  title =        "{P}-{CLASSIC}: {A} Tractable Probablistic Description
                 Logic",
  booktitle =    "Proc. AAAI/IAAI 1997",
  year =         "1997",
  pages =        "390--397",
  editor =       "Benjamin Kuipers and Bonnie L. Webber",
  publisher =    "AAAI Press / The MIT Press",
}

@InProceedings{Yelland:2000:ACB,
  author =       "Philipp M. Yelland",
  title =        "An Alternative Combination of Bayesian Networks and
                 Description Logics",
  booktitle =    "Proc. KR 2000",
  pages =        "225--234",
  editor =       "Anthony G. Cohn and Fausto Giunchiglia and Bart
                 Selman",
  publisher =    "Morgan Kaufmann",
  year =         "2000",
}

@InProceedings{Ding:2004:PEO,
  author =       "Zhongli Ding and Yun Peng",
  title =        "A Probabilistic Extension to Ontology Language {OWL}",
  booktitle =    "Proc. HICSS 2004",
  year =         "2004",
  publisher =    "IEEE Computer Society",
}

@InProceedings{Carvalho:2013:POB,
  author =       "Rommel N. Carvalho and Kathryn B. Laskey and Paulo
                 Cesar G. da Costa",
  title =        "{PR}-{OWL} 2.0 - Bridging the Gap to {OWL} Semantics",
  booktitle =    "Proc. URSW 2008-2010 and UniDL 2010",
  year =         "2013",
  pages =        "1--18",
  editor =       "Fernando Bobillo and Paulo Cesar G. da Costa and
                 Claudia d'Amato and Nicola Fanizzi and Kathryn B.
                 Laskey and Kenneth J. Laskey and Thomas Lukasiewicz and
                 Matthias Nickles and Michael Pool",
  publisher =    "Springer",
  series =       "Lecture Notes in Computer Science",
  volume =       "7123",
}

@Book{Halpern:2005:RAU,
  author =       "Joseph Y. Halpern",
  title =        "Reasoning about uncertainty",
  publisher =    "MIT Press",
  year =         "2005",
  pages =        "I--XIV, 1--483",
}

@Article{Muggleton:1995:IEP,
  author =       "Stephen Muggleton",
  title =        "Inverse Entailment and Progol",
  journal =      "New Generation Comput.",
  volume =       "13",
  number =       "3{\&}4",
  year =         "1995",
  pages =        "245--286",
}

@Article{Lehmann:2009:DLL,
  author =       "Jens Lehmann",
  title =        "{DL}-Learner: Learning Concepts in Description
                 Logics",
  journal =      "Journal of Machine Learning Research",
  volume =       "10",
  year =         "2009",
  pages =        "2639--2642",
}

@InProceedings{Badea:2000:ROD,
  author =       "Liviu Badea and Shan-Hwei Nienhuys-Cheng",
  title =        "A Refinement Operator for Description Logics",
  booktitle =    "Proc. ILP 2000",
  year =         "2000",
  pages =        "40--59",
  editor =       "James Cussens and Alan M. Frisch",
  publisher =    "Springer",
  series =       "Lecture Notes in Computer Science",
  volume =       "1866",
}

@InProceedings{Fanizzi:2004:DRA,
  author =       "Nicola Fanizzi and Stefano Ferilli and Luigi Iannone
                 and Ignazio Palmisano and Giovanni Semeraro",
  title =        "Downward Refinement in the {ALN} Description Logic",
  booktitle =    "Proc. HIS 2004",
  year =         "2004",
  pages =        "68--73",
  editor =       "Masumi Ishikawa and Shuji Hashimoto and Marcin
                 Paprzycki and Emilia I. Barakova and Kaori Yoshida and
                 Mario K{\"o}ppen and David W. Corne and Ajith Abraham",
  publisher =    "IEEE Computer Society",
}

@Article{Schroder:2011:MAH,
  author =       "L. Schr{\"o}der and D. Pattinson",
  title =        "Modular Algorithms for Heterogeneous Modal Logics via
                 Multi-Sorted Coalgebra",
  journal =      MSCS,
  volume =       "21",
  year =         "2011",
}

@Article{Dempster:1977:MLI,
  author =       "A. P. Dempster and N. M. Laird and D. B. Rubin",
  title =        "Maximum likelihood from incomplete data via the {EM}
                 algorithm",
  journal =      "Journal of the Royal Statistical Society, Series B",
  year =         "1977",
  volume =       "39",
  number =       "1",
  pages =        "1--38",
}

@InProceedings{Muggleton:2002:LSP,
  author =       "Stephen Muggleton",
  title =        "Learning Structure and Parameters of Stochastic Logic
                 Programs",
  booktitle =    "Proc. ILP 2002",
  year =         "2002",
  pages =        "198--206",
  editor =       "Stan Matwin and Claude Sammut",
  publisher =    "Springer",
  series =       "Lecture Notes in Computer Science",
  volume =       "2583",
}

@Article{Getoor:2002:LSS,
  author =       "Lise Getoor and Nir Friedman and Daphne Koller",
  title =        "Learning Structured Statistical Models from Relational
                 Data",
  journal =      "Electronic Transactions on Artificial Intelligence",
  number =       "section B",
  volume =       "6",
  year =         "2002",
}

@InProceedings{Kersting:2001:ABL,
  author =       "Kristian Kersting and Luc De Raedt",
  title =        "Adaptive Bayesian Logic Programs",
  booktitle =    "Proc. ILP 2001",
  year =         "2001",
  pages =        "104--117",
  editor =       "C{\'e}line Rouveirol and Mich{\`e}le Sebag",
  publisher =    "Springer",
  series =       "Lecture Notes in Computer Science",
  volume =       "2157",
}

@Article{Raedt:2003:PLL,
  author =       "Luc De Raedt and Kristian Kersting",
  title =        "Probabilistic logic learning",
  journal =      "SIGKDD Explorations",
  volume =       "5",
  number =       "1",
  year =         "2003",
  pages =        "31--48",
}

@InProceedings{Bellodi:2012:LSP,
  author =       "Elena Bellodi and Fabrizio Riguzzi",
  title =        "Learning the Structure of Probabilistic Logic
                 Programs",
  booktitle =    "Proc. ILP 2012",
  year =         "2012",
  pages =        "61--75",
  editor =       "Stephen Muggleton and Alireza Tamaddoni-Nezhad and
                 Francesca A. Lisi",
  publisher =    "Springer",
  series =       "Lecture Notes in Computer Science",
  volume =       "7207",
}

@Book{Nienhuys-Cheng:1997:FIL,
  editor =       "Shan-Hwei Nienhuys-Cheng and Ronald de Wolf",
  title =        "Foundations of Inductive Logic Programming",
  publisher =    "Springer",
  series =       "Lecture Notes in Computer Science",
  volume =       "1228",
  year =         "1997",
}

@Misc{Muggleton:2013:IAD,
  author =       "Stephen Muggleton",
  title =        "{ILP} Applications and Datasets",
  howpublished = "http://www.doc.ic.ac.uk/~shm/applications.html",
  year =         "2013",
}

@Misc{Frank:2010:UML,
  author =       "A. Frank and A. Asuncion",
  year =         "2010",
  title =        "{UCI} Machine Learning Repository",
  URL =          "http://archive.ics.uci.edu/ml",
  institution =  "University of California, Irvine, School of
                 Information and Computer Sciences",
}

@InProceedings{Wang:2010:DLL,
  author =       "Huayan Wang and Stephen Gould and Daphne Koller",
  title =        "Discriminative Learning with Latent Variables for
                 Cluttered Indoor Scene Understanding",
  booktitle =    "Proc. ECCV 2010",
  year =         "2010",
  pages =        "435--449",
  editor =       "Kostas Daniilidis and Petros Maragos and Nikos
                 Paragios",
  publisher =    "Springer",
  series =       "Lecture Notes in Computer Science",
  volume =       "6312",
  year =         "2010",
}

@Article{Whetzel:2011:BEF,
  author =       "P. Whetzel and N. Noy and N. Shah and P. Alexander and
                 C. Nyulas and T. Tudorache and M. Musen",
  title =        "BioPortal: enhanced functionality via new Web services
                 from the National Center for Biomedical Ontology to
                 access and use ontologies in software applications",
  journal =      "Nucleic Acids Research",
  year =         "2011",
  volume =       "39",
  pages =        "W541--5",
  note =         "Web Server Issue",
}

@Article{Smith:2007:OFC,
  author =       "Barry Smith and Michael Ashburner and Cornelius Rosse
                 and Jonathan Bard and William Bug and Werner Ceusters
                 and Louis J Goldberg and Karen Eilbeck and Amelia
                 Ireland and Christopher J Mungall and Neocles Leontis
                 and Philippe Rocca-Serra and Alan Ruttenberg and
                 Susanna-Assunta Sansone and Richard H Scheuermann and
                 Nigam Shah and Patricia L Whetzel and Suzanna Lewis",
  journal =      "Nat Biotech",
  number =       "11",
  pages =        "1251--1255",
  publisher =    "Nature Publishing Group",
  title =        "The {OBO} Foundry: coordinated evolution of ontologies
                 to support biomedical data integration",
  volume =       "25",
  year =         "2007",
}

@Article{Wong:2012:OLT,
  author =       "Wilson Wong and Wei Liu and Mohammed Bennamoun",
  title =        "Ontology learning from text: {A} look back and into
                 the future",
  journal =      "ACM Comput. Surv.",
  volume =       "44",
  number =       "4",
  year =         "2012",
  pages =        "20",
}

@InProceedings{Sano:2011:GPC,
  author =       "Katsuhiko Sano",
  title =        "Generalized Product of Coalgebraic Hybrid Logics",
  booktitle =    "Proc. CALCO 2011",
  year =         "2011",
  pages =        "329--343",
  editor =       "Andrea Corradini and Bartek Klin and Corina
                 C\^{\i}rstea",
  publisher =    "Springer",
  series =       "Lecture Notes in Computer Science",
  volume =       "6859",
}

@InProceedings{Kang:2006:RFD,
  author =       "Dazhou Kang and Baowen Xu and Jianjiang Lu and Yanhui
                 Li",
  booktitle =    "Proc. Description Logic 2006",
  publisher =    "CEUR-WS.org",
  series =       "CEUR Workshop Proceedings",
  volume =       "189",
  title =        "Reasoning for {A} Fuzzy Description Logic with
                 Comparison Expressions",
  year =         "2006",
}

@Article{Cerami:2013:DFD,
  author =       "Marco Cerami and Umberto Straccia",
  journal =      "Information Sciences",
  pages =        "1--21",
  title =        "On the (Un)Decidability of Fuzzy Description Logics
                 under Lukasiewicz t-norm",
  volume =       "227",
  year =         "2013",
}

@Article{Menissier-Morain:2005:APR,
  author =       "Val{\'e}rie M{\'e}nissier-Morain",
  title =        "Arbitrary precision real arithmetic: design and
                 algorithms",
  journal =      "J. Log. Algebr. Program.",
  volume =       "64",
  number =       "1",
  year =         "2005",
  pages =        "13--39",
}

@Article{Vuillemin:1990:ERC,
  author =       "Jean Vuillemin",
  title =        "Exact Real Computer Arithmetic with Continued
                 Fractions",
  journal =      "IEEE Trans. Computers",
  volume =       "39",
  number =       "8",
  year =         "1990",
  pages =        "1087--1105",
}

@Article{Edalat:1999:DTA,
  author =       "Abbas Edalat and Philipp S{\"u}nderhauf",
  title =        "A Domain-Theoretic Approach to Computability on the
                 Real Line",
  journal =      "Theor. Comput. Sci.",
  volume =       "210",
  number =       "1",
  year =         "1999",
  pages =        "73--98",
}

@Article{Kleene:1945:IIN,
  author =       "Stephen Cole Kleene",
  title =        "On the Interpretation of Intuitionistic Number
                 Theory",
  journal =      "J. Symb. Log.",
  volume =       "10",
  number =       "4",
  year =         "1945",
  pages =        "109--124",
}

@Article{Edalat:2013:CMM,
  author =       "Abbas Edalat and Andr{\'e} Lieutier and Dirk
                 Pattinson",
  title =        "A computational model for multi-variable differential
                 calculus",
  journal =      "Inf. Comput.",
  volume =       "224",
  year =         "2013",
  pages =        "23--45",
}

@InCollection{Kreisel:1959:IAM,
  author =       "G. Kreisel",
  title =        "Interpretation of Analysis by means of Functionals of
                 Finite Type",
  booktitle =    "Constructivity in Mathematics",
  pages =        "101--128",
  editor =       "A. Heyting",
  publisher =    "North-Holland",
  year =         "1959",
}

@Article{Berger:2011:CPE,
  author =       "Ulrich Berger",
  title =        "From coinductive proofs to exact real arithmetic:
                 theory and applications",
  journal =      "Logical Methods in Computer Science",
  volume =       "7",
  number =       "1",
  year =         "2011",
}

@Article{Schwichtenberg:2008:RIP,
  author =       "Helmut Schwichtenberg",
  title =        "Realizability interpretation of proofs in constructive
                 analysis",
  journal =      "Theory Comput. Syst.",
  volume =       "43",
  number =       "3-4",
  year =         "2008",
  pages =        "583--602",
}

@Article{Lambov:2007:REI,
  author =       "Branimir Lambov",
  title =        "RealLib: An efficient implementation of exact real
                 arithmetic",
  journal =      "Mathematical Structures in Computer Science",
  volume =       "17",
  number =       "1",
  year =         "2007",
  pages =        "81--98",
}

@InProceedings{Muller:2005:IER,
  author =       "Norbert Th. M{\"u}ller",
  title =        "Implementing Exact Real Numbers Efficiently",
  booktitle =    "Proc. CCA 2005",
  year =         "2005",
  pages =        "378",
  editor =       "Tanja Grubba and Peter Hertling and Hideki Tsuiki and
                 Klaus Weihrauch",
  publisher =    "FernUniversit{\"a}t Hagen, Germany",
  series =       "Informatik Berichte",
  volume =       "326-7/2005",
}

@InProceedings{Berger:1993:PEN,
  author =       "Ulrich Berger",
  title =        "Program Extraction from Normalization Proofs",
  booktitle =    "Proc. TLCA 1993",
  year =         "1993",
  pages =        "91--106",
  editor =       "Marc Bezem and Jan Friso Groote",
  publisher =    "Springer",
  series =       "Lecture Notes in Computer Science",
  volume =       "664",
}

@InProceedings{Muller:2001:IEA,
  author =       "Norbert Th. M{\"u}ller",
  title =        "The i{RRAM}: Exact Arithmetic in {C}++",
  booktitle =    "Proc. CCA 2000",
  pages =        "222--252",
  editor =       "Jens Blanck and Vasco Brattka and Peter Hertling",
  publisher =    "Springer",
  series =       "Lecture Notes in Computer Science",
  volume =       "2064",
  year =         "2001",
}

@Misc{Khanban:2006:IOS,
  author =       "A. A. Khanban",
  title =        "{IC}-{ODE}-solvers",
  year =         "2006",
  note =         "available via
                 http://www.doc.ic.ac.uk/exact-computation/",
}

@Article{Ershov:1973:TN,
  author =       "Y. L. Ershov",
  title =        "Theorie der Numerierungen {I}",
  journal =      "Zeitschrift f{\"u}r Mathematische Logik und Grundlagen
                 der Mathematik",
  volume =       "19",
  pages =        "289--388",
  year =         "1973",
}

@Article{Ershov:1975:TNI,
  author =       "Y. L. Ershov",
  title =        "Theorie der Numerierungen {II}",
  journal =      "Zeitschrift f{\"u}r Mathematische Logik und Grundlagen
                 der Mathematik",
  volume =       "21",
  pages =        "473--584",
  year =         "1975",
}

@Article{Berger:2010:RIC,
  author =       "Ulrich Berger",
  title =        "Realisability for Induction and Coinduction with
                 Applications to Constructive Analysis",
  journal =      "J. UCS",
  volume =       "16",
  number =       "18",
  year =         "2010",
  pages =        "2535--2555",
}

@Article{Ghani:2009:RSP,
  author =       "Neil Ghani and Peter Hancock and Dirk Pattinson",
  title =        "Representations of Stream Processors Using Nested
                 Fixed Points",
  journal =      "Logical Methods in Computer Science",
  volume =       "5",
  number =       "3",
  year =         "2009",
}

@Article{Berger:2008:CER,
  author =       "U. Berger and T. Hou",
  title =        "Coinduction for Exact Real Number Computation",
  journal =      "Theory of Computing Systems",
  volume =       "43",
  pages =        "394--409",
  year =         "2008",
}

@InProceedings{Berger:2011:MTP,
  author =       "Ulrich Berger and Kenji Miyamoto and Helmut
                 Schwichtenberg and Monika Seisenberger",
  title =        "Minlog - {A} Tool for Program Extraction Supporting
                 Algebras and Coalgebras",
  booktitle =    "Proc. CALCO 2011",
  year =         "2011",
  pages =        "393--399",
  editor =       "Andrea Corradini and Bartek Klin and Corina
                 C\^{\i}rstea",
  publisher =    "Springer",
  series =       "Lecture Notes in Computer Science",
  volume =       "6859",
}

@Article{Rosolini:1990:AMS,
  author =       "Giuseppe Rosolini",
  title =        "About Modest Sets",
  journal =      "Int. J. Found. Comput. Sci.",
  volume =       "1",
  number =       "3",
  year =         "1990",
  pages =        "341--354",
}

@PhdThesis{Bauer:2000:RAC,
  author =       "A. Bauer",
  title =        "The Realizability Approach to Computable Analysis and
                 Topology",
  school =       "Carnegie Mellon University",
  year =         "2000",
}

@PhdThesis{Lietz:2004:CMC,
  author =       "P. Lietz",
  title =        "From Constructive Mathematics to Computable Analysis
                 via the Realizability Interpretation",
  school =       "Technische Universit{\"a}t Darmstadt",
  year =         "2004",
}

@Article{Spreen:1990:COO,
  author =       "Dieter Spreen",
  title =        "Computable One-to-One Enumerations of Effective
                 Domains",
  journal =      "Inf. Comput.",
  volume =       "84",
  number =       "1",
  year =         "1990",
  pages =        "26--46",
}

@InProceedings{Blanck:1998:SST,
  author =       "Jens Blanck and Viggo Stoltenberg-Hansen and J. V.
                 Tucker",
  title =        "Streams, Stream Transformers and Domain
                 Representations",
  booktitle =    "Prospects for Hardware Foundations",
  year =         "1998",
  pages =        "27--68",
  editor =       "Bernhard M{\"o}ller and J. V. Tucker",
  publisher =    "Springer",
  series =       "Lecture Notes in Computer Science",
  volume =       "1546",
}

@Article{Gianantonio:1999:ADT,
  author =       "Pietro Di Gianantonio",
  title =        "An abstract data type for real numbers",
  journal =      "Theoretical Computer Science",
  volume =       "221",
  number =       "1--2",
  pages =        "295--326",
  year =         "1999",
}

@Article{Escardo:1999:IRP,
  author =       "Mart\'{\i}n H{\"o}tzel Escard{\'o} and Thomas
                 Streicher",
  title =        "Induction and Recursion on the Partial Real Line with
                 Applications to Real {PCF}",
  journal =      "Theor. Comput. Sci.",
  volume =       "210",
  number =       "1",
  year =         "1999",
  pages =        "121--157",
}

@InProceedings{Letouzey:2008:ECO,
  author =       "Pierre Letouzey",
  title =        "Extraction in {C}oq: An Overview",
  booktitle =    "Proc. CiE 2008",
  year =         "2008",
  pages =        "359--369",
  editor =       "Arnold Beckmann and Costas Dimitracopoulos and
                 Benedikt L{\"o}we",
  publisher =    "Springer",
  series =       "Lecture Notes in Computer Science",
  volume =       "5028",
}

@InProceedings{Berghofer:2003:PES,
  author =       "Stefan Berghofer",
  title =        "Program Extraction in Simply-Typed Higher Order
                 Logic",
  booktitle =    "Proc. TYPES 2002",
  pages =        "21--38",
  editor =       "Herman Geuvers and Freek Wiedijk",
  publisher =    "Springer",
  series =       "Lecture Notes in Computer Science",
  volume =       "2646",
  year =         "2003",
}

@InProceedings{Schwichtenberg:2006:M,
  author =       "Helmut Schwichtenberg",
  title =        "Minlog",
  booktitle =    "The Seventeen Provers of the World",
  year =         "2006",
  pages =        "151--157",
  editor =       "Freek Wiedijk",
  publisher =    "Springer",
  series =       "Lecture Notes in Computer Science",
  volume =       "3600",
  year =         "2006",
}

@InCollection{Schwichtenberg:2009:PEC,
  year =         "2009",
  booktitle =    "Logicism, Intuitionism, and Formalism",
  volume =       "341",
  series =       "Synthese Library",
  editor =       "Sten Lindstr{\"o}m and Erik Palmgren and Krister
                 Segerberg and Viggo Stoltenberg-Hansen",
  title =        "Program Extraction in Constructive Analysis",
  publisher =    "Springer",
  author =       "Helmut Schwichtenberg",
  pages =        "255--275",
}

@Article{Spreen:2008:ISR,
  author =       "Dieter Spreen and Luoshan Xu and Xuxin Mao",
  title =        "Information systems revisited - the general continuous
                 case",
  journal =      "Theor. Comput. Sci.",
  volume =       "405",
  number =       "1-2",
  year =         "2008",
  pages =        "176--187",
}

@Article{Spreen:2001:RVN,
  author =       "Dieter Spreen",
  title =        "Representations versus numberings: on the relationship
                 of two computability notions",
  journal =      "Theor. Comput. Sci.",
  volume =       "262",
  number =       "1",
  year =         "2001",
  pages =        "473--499",
}

@Article{Spreen:2005:LCC,
  author =       "Dieter Spreen",
  title =        "The largest Cartesian closed category of domains,
                 considered constructively",
  journal =      "Mathematical Structures in Computer Science",
  volume =       "15",
  number =       "2",
  year =         "2005",
  pages =        "299--321",
}

@Article{Gradel:1999:RPG,
  author =       "Erich Gr{\"a}del",
  title =        "On The Restraining Power of Guards",
  journal =      "J. Symb. Log.",
  volume =       "64",
  number =       "4",
  year =         "1999",
  pages =        "1719--1742",
}

@Book{Dreben:1979:DPS,
  author =       "B. Dreben and W. Goldfarb",
  title =        "The decision problem: solvable classes of
                 quantificational formulas",
  year =         "1979",
  publisher =    "Addison-Wesley",
}

@Book{Borger:1997:CDP,
  author =       "E. B{\"o}rger and E. Gr{\"a}del and Y. Gurevich",
  title =        "The Classical Decision Problem",
  series =       "Perspectives in Mathematical Logic",
  publisher =    "Springer",
  year =         "1997",
}

@Article{Brotherston:2011:SCI,
  author =       "James Brotherston and Alex Simpson",
  title =        "Sequent calculi for induction and infinite descent",
  journal =      "J. Log. Comput.",
  volume =       "21",
  number =       "6",
  year =         "2011",
  pages =        "1177--1216",
}

@Article{Bauer:2009:RTB,
  author =       "Andrej Bauer and Christopher A. StoneILC:1979:ILC",
  title =        "{RZ}: a Tool for Bringing Constructive and Computable
                 Mathematics Closer to Programming Practice",
  journal =      "J. Log. Comput.",
  volume =       "19",
  number =       "1",
  year =         "2009",
  pages =        "17--43",
}

@InCollection{Droste:2009:SFP,
  author =       "M. Droste and W. Kuich",
  title =        "Semirings and Formal Power Series",
  booktitle =    "Handbook of Weighted Automata",
  editor =       "M. Droste and W. Kuich and H. Vogler",
  publisher =    "Springer",
  series =       "Monographs in Theoretical Computer Science",
  year =         "2009",
  pages =        "3--28",
}

@InProceedings{Kozen:2013:SID,
  author =       "Dexter Kozen and Kim G. Larsen and Radu Mardare and
                 Prakash Panangaden",
  title =        "StoneILC:1979:ILC Duality for Markov Processes",
  booktitle =    "Proc. LICS 2013",
  year =         "2013",
  pages =        "321--330",
  publisher =    "IEEE Computer Society",
}

@Article{Aceto:2010:RBG,
  author =       "Luca Aceto and Anna Ingolfsdottir and Joshua Sack",
  title =        "Resource bisimilarity and graded bisimilarity
                 coincide",
  journal =      "Information Processing Letters",
  volume =       "111",
  number =       "2",
  pages =        "68--76",
  year =         "2010",
}

@InProceedings{Corradini:1999:GMR,
  author =       "Flavio Corradini and Rocco {De Nicola} and Anna
                 Labella",
  title =        "Graded Modalities and Resource Bisimulation",
  booktitle =    "Proc. FSTTCS 1999",
  pages =        "381--393",
  editor =       "C. Pandu Rangan and Venkatesh Raman and Ramaswamy
                 Ramanujam",
  publisher =    "Springer",
  series =       "Lecture Notes in Computer Science",
  volume =       "1738",
  year =         "1999",
}

@Article{Staton:2011:RCN,
  author =       "Sam Staton",
  title =        "Relating coalgebraic notions of bisimulation",
  journal =      "Logical Methods in Computer Science",
  volume =       "7",
  number =       "1",
  year =         "2011",
}

@Article{Jacobs:2008:CTS,
  author =       "Bart Jacobs",
  title =        "Coalgebraic Trace Semantics for Combined
                 Possibilitistic and Probabilistic Systems",
  journal =      "Electr. Notes Theor. Comput. Sci.",
  volume =       "203",
  number =       "5",
  year =         "2008",
  pages =        "131--152",
}

@InProceedings{Segala:1994:PSP,
  author =       "Roberto Segala and Nancy A. Lynch",
  title =        "Probabilistic Simulations for Probabilistic
                 Processes",
  booktitle =    "Proc. CONCUR 1994",
  year =         "1994",
  pages =        "481--496",
  editor =       "Bengt Jonsson and Joachim Parrow",
  publisher =    "Springer",
  series =       "Lecture Notes in Computer Science",
  volume =       "836",
}

@Article{Lahav:2013:USF,
  title =        "A Unified Semantic Framework for Fully-structural
                 Propositional Sequent Systems",
  author =       "Ori Lahav and Arnon Avron",
  journal =      "ACM Transactions on Computational Logic",
  volume =       "14",
  number =       "4",
  year =         "2013",
}

@Article{Ciabattoni:2012:APT,
  author =       "Agata Ciabattoni and Nikolaos Galatos and Kazushige
                 Terui",
  title =        "Algebraic proof theory for substructural logics:
                 Cut-elimination and completions",
  journal =      "Ann. Pure Appl. Logic",
  volume =       "163",
  number =       "3",
  year =         "2012",
  pages =        "266--290",
}

@InProceedings{Pattinson:2013:LEC,
  author =       "Dirk Pattinson",
  title =        "The Logic of Exact Covers: Completeness and Uniform
                 Interpolation",
  booktitle =    "Proc. LICS 2013",
  editor =       "Orna Kupferman",
  publisher =    "IEEE",
  year =         "2013",
}

@Article{Pattinson:2011:GMC,
  author =       "D. Pattinson and L. Schr{\"o}der",
  title =        "Generic Modal Cut Elimination Applied to Conditional
                 Logics",
  journal =      "Logical Methods in Computer Science",
  volume =       "7",
  number =       "1",
  year =         "2011",
  note =         "25 pages",
}

@InProceedings{Lellmann:2012:SSL,
  author =       "Bj{\"o}rn Lellmann and Dirk Pattinson",
  title =        "Sequent Systems for Lewis' Conditional Logics",
  booktitle =    "Proc. JELIA 2012",
  year =         "2012",
  pages =        "320--332",
  editor =       "Luis Fari{\~n}as del Cerro and Andreas Herzig and
                 J{\'e}r{\^o}me Mengin",
  publisher =    "Springer",
  series =       "Lecture Notes in Computer Science",
  volume =       "7519",
}

@InProceedings{Lellmann:2013:CCF,
  author =       "Bj{\"o}rn Lellmann and Dirk Pattinson",
  title =        "Constructing Cut Free Sequent Systems with Context
                 Restrictions Based on Classical or Intuitionistic
                 Logic",
  booktitle =    "Proc. ICLA 2013",
  year =         "2013",
  pages =        "148--160",
  editor =       "Kamal Lodaya",
  publisher =    "Springer",
  series =       "Lecture Notes in Computer Science",
  volume =       "7750",
}

@Article{Cirstea:2011:ETC,
  author =       "C. Cirstea and C. Kupke and D. Pattinson",
  title =        "{EXPTIME} Tableaux for the Coalgebraic
                 $\mu$-Calculus",
  journal =      "Logical Methods in Computer Science",
  volume =       "7",
  number =       "3",
  year =         "2011",
}

@InProceedings{Bezhanishvili:2013:BPS,
  author =       "Nick Bezhanishvili and Silvio Ghilardi",
  title =        "Bounded Proofs and Step Frames",
  booktitle =    "Proc. TABLEAUX 2013",
  year =         "2013",
  pages =        "44--58",
  editor =       "Didier Galmiche and Dominique Larchey-Wendling",
  publisher =    "Springer",
  series =       "Lecture Notes in Computer Science",
  volume =       "8123",
}

@InProceedings{Lellmann:2013:CBM,
  author =       "Bj{\"o}rn Lellmann and Dirk Pattinson",
  title =        "Correspondence between Modal Hilbert Axioms and
                 Sequent Rules with an Application to {S5}",
  booktitle =    "Proc. TABLEAUX 2013",
  editor =       "Didier Galmiche and Dominique Larchey-Wendling",
  publisher =    "Springer",
  series =       "LNCS",
  year =         "2013",
}

@InProceedings{Dahlqvist:2013:SSC,
  author =       "Fredrik Dahlqvist and Dirk Pattinson",
  title =        "Some Sahlqvist Completeness Results for Coalgebraic
                 Logics",
  booktitle =    "Proc. FoSSaCS 2013",
  year =         "2013",
  pages =        "193--208",
  editor =       "Frank Pfenning",
  publisher =    "Springer",
  series =       "Lecture Notes in Computer Science",
  volume =       "7794",
}

@Misc{Negri:2013:LDN,
  author =       "Sara Negri",
  title =        "Labelled Deduction for Neighbourhood Models",
  note =         "Private Communication",
  year =         "2013",
}

@InProceedings{Sahlqvist:1975:CCF,
  author =       "Henrik Sahlqvist",
  title =        "{Completeness and Correspondence in the First and
                 Second Order Semantics for Modal Logic}",
  booktitle =    "{Proceedings of the Third Scandinavian Logic
                 Symposium}",
  pages =        "110--143",
  year =         "1975",
  editor =       "S. Kanger",
  volume =       "82",
  series =       "Studies in Logic and the Foundations of Mathematics",
  publisher =    "Elsevier",
}

@InProceedings{Gehrke:2011:VCE,
  author =       "Mai Gehrke and Jacob Vosmaer",
  title =        "A View of Canonical Extension",
  pages =        "77--100",
  editor =       "Nick Bezhanishvili and Sebastian L{\"o}bner and
                 Kerstin Schwabe and Luca Spada",
  booktitle =    "Proc. TbiLLC 2009",
  publisher =    "Springer",
  series =       "Lecture Notes in Computer Science",
  volume =       "6618",
  year =         "2011",
}

@Book{Gabbay:2005:IDM,
  author =       "D. M. Gabbay and L. Maksimova",
  title =        "Interpolation and Definability: Modal and
                 Intuitionistic Logic",
  number =       "46",
  series =       "Oxford Logic Guides",
  publisher =    "Oxford University Press",
  year =         "2005",
}

@InProceedings{Governatori:2000:LTN,
  author =       "Guido Governatori and Alessandro Luppi",
  title =        "Labelled Tableaux for Non-normal Modal Logics",
  booktitle =    "Proc. AI*IA 1999",
  pages =        "119--130",
  editor =       "Evelina Lamma and Paola Mello",
  publisher =    "Springer",
  series =       "Lecture Notes in Computer Science",
  volume =       "1792",
  year =         "2000",
}

@InProceedings{Berdine:2011:SMS,
  author =       "Josh Berdine and Byron Cook and Samin Ishtiaq",
  title =        "{SLA}yer: Memory Safety for Systems-Level Code",
  booktitle =    "Proc. CAV 2011",
  year =         "2011",
  pages =        "178--183",
  editor =       "Ganesh Gopalakrishnan and Shaz Qadeer",
  publisher =    "Springer",
  series =       "Lecture Notes in Computer Science",
  volume =       "6806",
}

@Article{Calcagno:2011:CSA,
  author =       "Cristiano Calcagno and Dino Distefano and Peter W.
                 O'Hearn and Hongseok Yang",
  title =        "Compositional Shape Analysis by Means of
                 Bi-Abduction",
  journal =      "J. ACM",
  volume =       "58",
  number =       "6",
  year =         "2011",
  pages =        "26",
}

@InProceedings{Calcagno:2011:IAP,
  author =       "Cristiano Calcagno and Dino Distefano",
  title =        "Infer: An Automatic Program Verifier for Memory Safety
                 of C Programs",
  booktitle =    "Proc. NASA Formal Methods 2011",
  year =         "2011",
  pages =        "459--465",
  editor =       "Mihaela Gheorghiu Bobaru and Klaus Havelund and Gerard
                 J. Holzmann and Rajeev Joshi",
  publisher =    "Springer",
  series =       "Lecture Notes in Computer Science",
  volume =       "6617",
}

@Article{Bodenreider:2008:BOA,
  journal =      "IMIA Yearbook 2008: Access to Health Information",
  volume =       "1",
  year =         "2008",
  pages =        "67--79",
  title =        "Biomedical Ontologies in Action: Role in Knowledge
                 Management, Data Integration and Decision Support",
  author =       "O. Bodenreider",
}

@Book{Beziau:2012:ULA,
  title =        "Universal Logic: An Anthology",
  series =       "Studies in Universal Logic",
  editor =       "Jean-Yves B\`{e}ziau",
  year =         "2012",
  publisher =    "Birkh{\"a}user",
}

@InCollection{Carnielli:2011:CL,
  author =       "Walter Carnielli and Marcelo Esteban Coniglio",
  title =        "Combining Logics",
  booktitle =    "The Stanford Encyclopedia of Philosophy",
  editor =       "Edward N. Zalta",
  howpublished = "\url{http://plato.stanford.edu/archives/win2011/entries/logic-combining/}",
  year =         "2011",
  edition =      "Winter 2011",
}

@Book{Szabo:1969:CWG,
  editor =       "M. E. Szabo",
  title =        "The Collected Works of Gerhard Gentzen",
  publisher =    "North-Holland",
  year =         "1969",
}

@Article{Amir:2005:PBL,
  author =       "Eyal Amir and Sheila A. McIlraith",
  title =        "Partition-based logical reasoning for first-order and
                 propositional theories",
  journal =      "Artif. Intell.",
  volume =       "162",
  number =       "1-2",
  year =         "2005",
  pages =        "49--88",
}

@Article{Rosu:2000:ECI,
  author =       "Grigore Rosu and Joseph A. Goguen",
  title =        "On Equational Craig Interpolation",
  journal =      "J. UCS",
  number =       "6",
  volume =       "1",
  pages =        "194--200",
  year =         "2000",
}

@InProceedings{Albarghouthi:2013:BI,
  author =       "Aws Albarghouthi and Kenneth L. McMillan",
  title =        "Beautiful Interpolants",
  booktitle =    "Proc. CAV 2013",
  year =         "2013",
  pages =        "313--329",
  editor =       "Natasha Sharygina and Helmut Veith",
  publisher =    "Springer",
  series =       "Lecture Notes in Computer Science",
  volume =       "8044",
}

@Proceedings{Fontaine:2013:FCS,
  editor =       "Pascal Fontaine and Christophe Ringeissen and Renate
                 A. Schmidt",
  title =        "Frontiers of Combining Systems, 9th International
                 Symposium",
  booktitle =    "FroCoS",
  publisher =    "Springer",
  series =       "Lecture Notes in Computer Science",
  volume =       "8152",
  year =         "2013",
}

@Book{Gabbay:1999:FL,
  author =       "Dov Gabbay",
  year =         "1999",
  title =        "Fibring Logics",
  volume =       "38",
  series =       "Oxford Logic Guides",
  publisher =    "Oxford University Press",
}

@Article{Conradie:2006:ACC,
  author =       "Willem Conradie and Valentin Goranko and Dimiter
                 Vakarelov",
  title =        "Algorithmic correspondence and completeness in modal
                 logic. I. The core algorithm SQEMA",
  journal =      "Logical Methods in Computer Science",
  volume =       "2",
  number =       "1",
  year =         "2006",
}

@Article{Glasgow:1992:LRA,
  author =       "Janice I. Glasgow and Glenn H. MacEwen and Prakash
                 Panangaden",
  title =        "A Logic for Reasoning About Security",
  journal =      "ACM Trans. Comput. Syst.",
  volume =       "10",
  number =       "3",
  year =         "1992",
  pages =        "226--264",
}

@Article{Datta:2005:DSC,
  author =       "Anupam Datta and Ante Derek and John C. Mitchell and
                 Dusko Pavlovic",
  title =        "A derivation system and compositional logic for
                 security protocols",
  journal =      "Journal of Computer Security",
  volume =       "13",
  number =       "3",
  year =         "2005",
  pages =        "423--482",
}

@Article{Burrows:1990:LA,
  author =       "Michael Burrows and Mart\'{\i}n Abadi and Roger M.
                 Needham",
  title =        "A Logic of Authentication",
  journal =      "ACM Trans. Comput. Syst.",
  volume =       "8",
  number =       "1",
  year =         "1990",
  pages =        "18--36",
}

@Article{Lowe:1996:BFN,
  author =       "Gavin Lowe",
  title =        "Breaking and Fixing the Needham-Schroeder Public-Key
                 Protocol Using FDR",
  journal =      "Software - Concepts and Tools",
  volume =       "17",
  number =       "3",
  year =         "1996",
  pages =        "93--102",
}

@Article{Gumm:2008:MC,
  author =       "H. Peter Gumm",
  title =        "On Minimal Coalgebras",
  journal =      "Applied Categorical Structures",
  volume =       "16",
  number =       "3",
  year =         "2008",
  pages =        "313--332",
}

@Misc{Leroy:2013:ORM,
  author =       "X. Leroy and Damien Doligez and Alain Frisch and
                 Jacques Garrigue and Didier R{\`e}my and J{\'e}r{\^o}me
                 Vouillon",
  title =        "The OCaml Reference Manual",
  URL =          "http://caml.inria.fr/pub/docs/manual-ocaml/",
  year =         "2013",
}

@InProceedings{Een:2004:ESS,
  author =       "Niklas E{\'e}n and Niklas S{\"o}rensson",
  title =        "An Extensible SAT-solver",
  booktitle =    "Proc. SAT 2003",
  year =         "2004",
  pages =        "502--518",
  editor =       "Enrico Giunchiglia and Armando Tacchella",
  publisher =    "Springer",
  series =       "Lecture Notes in Computer Science",
  volume =       "2919",
}

@Misc{glpk:url,
  title =        "{GNU} Linear Programming Kit (glpk)
                 \url{\texttt{http://www.gnu.org/s/glpk/}}",
  key =          "glpk",
}

@InProceedings{Latella:2012:BLS,
  author =       "Diego Latella and Mieke Massink and Erik P. de Vink",
  title =        "Bisimulation of Labeled State-to-Function Transition
                 Systems of Stochastic Process Languages",
  booktitle =    "Proc. ACCAT 2012",
  year =         "2012",
  pages =        "23--43",
  editor =       "Ulrike Golas and Thomas Soboll",
  series =       "EPTCS",
  volume =       "93",
}

@Article{Power:1999:CFL,
  author =       "John Power and Daniele Turi",
  title =        "A Coalgebraic Foundation for Linear Time Semantics",
  journal =      "Electr. Notes Theor. Comput. Sci.",
  volume =       "29",
  year =         "1999",
  pages =        "259--274",
}

@Article{Hasuo:2007:GTS,
  author =       "Ichiro Hasuo and Bart Jacobs and Ana Sokolova",
  title =        "Generic Trace Semantics via Coinduction",
  journal =      "Logical Methods in Computer Science",
  volume =       "3",
  number =       "4",
  year =         "2007",
}

@Article{Mulry:2002:LRC,
  title =        "Lifting results for categories of algebras",
  journal =      "Theoretical Computer Science",
  volume =       "278",
  number =       "1‚Äì2",
  pages =        "257--269",
  year =         "2002",
  author =       "P. S. Mulry",
}

@Article{Bauer:2009:CTC,
  author =       "Andrej Bauer and Iztok Kavkler",
  title =        "A constructive theory of continuous domains suitable
                 for implementation",
  journal =      "Ann. Pure Appl. Logic",
  volume =       "159",
  number =       "3",
  year =         "2009",
  pages =        "251--267",
}

@InProceedings{Dockins:2009:FLS,
  author =       "Robert Dockins and Aquinas Hobor and Andrew W. Appel",
  title =        "A Fresh Look at Separation Algebras and Share
                 Accounting",
  booktitle =    "Proc. {APLAS} 2009",
  pages =        "161--177",
  year =         "2009",
  editor =       "Zhenjiang Hu",
  series =       "Lecture Notes in Computer Science",
  volume =       "5904",
  publisher =    "Springer",
}

@InProceedings{Hou:2014:PSP,
  author =       "Zhe Hou and Ranald Clouston and Rajeev Gor{\'{e}} and
                 Alwen Tiu",
  title =        "Proof search for propositional abstract separation
                 logics via labelled sequents",
  booktitle =    "Proc. {POPL} 2014",
  pages =        "465--476",
  year =         "2014",
  editor =       "Suresh Jagannathan and Peter Sewell",
  publisher =    "{ACM}",
}

@Article{Lehmann:1992:WDC,
  author =       "Daniel J. Lehmann and Menachem Magidor",
  title =        "What does a Conditional Knowledge Base Entail?",
  journal =      "Artif. Intell.",
  volume =       "55",
  number =       "1",
  pages =        "1--60",
  year =         "1992",
}

@InProceedings{Gorin:2014:CGR,
  author =       "Daniel Gor{\'{\i}}n and Dirk Pattinson and Lutz
                 Schr{\"{o}}der and Florian Widmann and Thorsten
                 Wi{\ss}mann",
  title =        "Cool - {A} Generic Reasoner for Coalgebraic Hybrid
                 Logics (System Description)",
  booktitle =    "Proc. {IJCAR} 2014",
  pages =        "396--402",
  year =         "2014",
  editor =       "St{\'{e}}phane Demri and Deepak Kapur and Christoph
                 Weidenbach",
  series =       "Lecture Notes in Computer Science",
  volume =       "8562",
  publisher =    "Springer",
}

@Article{Power:2004:CCS,
  author =       "A. John Power and Olha Shkaravska",
  title =        "From Comodels to Coalgebras: State and Arrays",
  journal =      "Electr. Notes Theor. Comput. Sci.",
  volume =       "106",
  pages =        "297--314",
  year =         "2004",
}

@InProceedings{Plotkin:2005:AAE,
  author =       "Gordon D. Plotkin",
  title =        "Adequacy for Algebraic Effects with State",
  booktitle =    "Proc. CALCO 2005",
  pages =        "51--51",
  year =         "2005",
  editor =       "Jos{\'{e}} Luiz Fiadeiro and Neil Harman and Markus
                 Roggenbach and Jan J. M. M. Rutten",
  series =       "Lecture Notes in Computer Science",
  volume =       "3629",
  publisher =    "Springer",
}

@InProceedings{Abou-Saleh:2013:CEM,
  author =       "Faris Abou-Saleh and Dirk Pattinson",
  title =        "Comodels and Effects in Mathematical Operational
                 Semantics",
  booktitle =    "Proc. FoSSaCS 2013",
  year =         "2013",
  pages =        "129--144",
  editor =       "Frank Pfenning",
  publisher =    "Springer",
  series =       "Lecture Notes in Computer Science",
  volume =       "7794",
}

@Article{Power:2006:SLC,
  title =        "Semantics for Local Computational Effects",
  journal =      "Electronic Notes in Theoretical Computer Science",
  volume =       "158",
  pages =        "355--371",
  year =         "2006",
  note =         "Proc. MFPS XXII",
  author =       "John Power",
}

@Article{Kerkhoff:2014:DCM,
  title =        "Dualizing Clones as Models of Lawvere Theories",
  journal =      "Electronic Notes in Theoretical Computer Science",
  volume =       "303",
  pages =        "79--105",
  year =         "2014",
  note =         "Proc. WACT 2013",
  author =       "Sebastian Kerkhoff",
}

@Article{Kerkhoff:2013:GDT,
  author =       "Sebastian Kerkhoff",
  title =        "A General duality Theory for Clones",
  journal =      "{IJAC}",
  volume =       "23",
  number =       "3",
  pages =        "457--502",
  year =         "2013",
}

@Article{Egger:2014:EEC,
  author =       "Jeff Egger and Rasmus Ejlers M{\o}gelberg and Alex
                 Simpson",
  title =        "The enriched effect calculus: syntax and semantics",
  journal =      "J. Log. Comput.",
  volume =       "24",
  number =       "3",
  pages =        "615--654",
  year =         "2014",
}

@InProceedings{Rosu:2009:CCP,
  author =       "Grigore Rosu and Dorel Lucanu",
  title =        "Circular Coinduction: {A} Proof Theoretical
                 Foundation",
  booktitle =    "Proc. {CALCO} 2009",
  pages =        "127--144",
  year =         "2009",
  editor =       "Alexander Kurz and Marina Lenisa and Andrzej
                 Tarlecki",
  series =       "Lecture Notes in Computer Science",
  volume =       "5728",
  publisher =    "Springer",
}

@InProceedings{Lucanu:2009:CBV,
  author =       "Dorel Lucanu and Eugen{-}Ioan Goriac and Georgiana
                 Caltais and Grigore Rosu",
  title =        "{CIRC:} {A} Behavioral Verification Tool Based on
                 Circular Coinduction",
  booktitle =    "Proc. {CALCO} 2009",
  pages =        "433--442",
  year =         "2009",
  editor =       "Alexander Kurz and Marina Lenisa and Andrzej
                 Tarlecki",
  series =       "Lecture Notes in Computer Science",
  volume =       "5728",
  publisher =    "Springer",
}

@Article{Beckert:2014:VVS,
  author =       "Bernhard Beckert and Rajeev Gor{\'{e}} and Carsten
                 Sch{\"{u}}rmann and Thorsten Bormer and Jian Wang",
  title =        "Verifying voting schemes",
  journal =      "J. Inf. Sec. Appl.",
  volume =       "19",
  number =       "2",
  pages =        "115--129",
  year =         "2014",
}

@InProceedings{DeYoung:2012:LLV,
  author =       "Henry DeYoung and Carsten Sch{\"{u}}rmann",
  title =        "Linear Logical Voting Protocols",
  booktitle =    "Proc. VoteID 2011",
  pages =        "53--70",
  editor =       "Aggelos Kiayias and Helger Lipmaa",
  series =       "Lecture Notes in Computer Science",
  volume =       "7187",
  publisher =    "Springer",
  year =         "2012",
}

@Article{Girard:1987:LL,
  author =       "Jean{-}Yves Girard",
  title =        "Linear Logic",
  journal =      "Theor. Comput. Sci.",
  volume =       "50",
  pages =        "1--102",
  year =         "1987",
}

@Book{Bertot:2004:ITP,
  title =        "Interactive theorem proving and program development :
                 Coq'Art : the calculus of inductive constructions",
  author =       "Yves Bertot and Pierre Cast{\'e}ran and G{\'e}rard
                 Huet and Christine Paulin-Mohring",
  series =       "Texts in theoretical computer science",
  publisher =    "Springer",
  year =         "2004",
}

@InProceedings{Letouzey:2003:NEC,
  author =       "Pierre Letouzey",
  title =        "A New Extraction for Coq",
  booktitle =    "Proc. TYPES 2002",
  pages =        "200--219",
  editor =       "Herman Geuvers and Freek Wiedijk",
  series =       "Lecture Notes in Computer Science",
  volume =       "2646",
  publisher =    "Springer",
  year =         "2003",
}

@InCollection{Marlow:2012:GHC,
  author =       "Simon Marlow and Simon {Peyton Jones}",
  title =        "The {G}lasgow {H}askell {C}ompiler",
  booktitle =    "The Architecture of Open Source Applications, Volume
                 2",
  year =         "2012",
  URL =          "http://www.aosabook.org/en/ghc.html",
  publisher =    "Lulu",
}

@InProceedings{Delaune:2010:VPT,
  author =       "St{\'{e}}phanie Delaune and Steve Kremer and Mark
                 Ryan",
  title =        "Verifying Privacy-Type Properties of Electronic Voting
                 Protocols: {A} Taster",
  booktitle =    "Towards Trustworthy Elections, New Directions in
                 Electronic Voting",
  pages =        "289--309",
  year =         "2010",
  editor =       "David Chaum and Markus Jakobsson and Ronald L. Rivest
                 and Peter Y. A. Ryan and Josh Benaloh and Miroslaw
                 Kutylowski and Ben Adida",
  series =       "Lecture Notes in Computer Science",
  volume =       "6000",
  publisher =    "Springer",
}

@Misc{Improvements:2015:EVC,
  author =       "{Software} Improvements",
  title =        "Electronic and Voting and Counting Sytems",
  note =         "accessed at May 12, 2015",
  year =         "2015",
  howpublished = "http://www.softimp.com.au/evacs/index.html",
}

@InProceedings{Cochran:2010:VFS,
  author =       "Dermot Cochran and Joseph Kiniry",
  title =        "{Votail}: A Formally Specified and Verified Ballot
                 Counting System for {I}rish {PR-STV} Elections",
  booktitle =    "Pre-proceedings of the 1st International Conference on
                 Formal Verification of Object-Oriented Software
                 (FoVeOOS)",
  year =         "2010",
}

@InProceedings{Brotherston:2012:GCT,
  author =       "James Brotherston and Nikos Gorogiannis and Rasmus
                 Lerchedahl Petersen",
  title =        "A Generic Cyclic Theorem Prover",
  booktitle =    "Proc. APLAS 2012",
  pages =        "350--367",
  year =         "2012",
  editor =       "Ranjit Jhala and Atsushi Igarashi",
  series =       "Lecture Notes in Computer Science",
  volume =       "7705",
  publisher =    "Springer",
}

@InProceedings{Brotherston:2007:CSC,
  author =       "James Brotherston and Alex Simpson",
  title =        "Complete Sequent Calculi for Induction and Infinite
                 Descent",
  booktitle =    "Proc. LICS 2007",
  pages =        "51--62",
  year =         "2007",
  publisher =    "{IEEE} Computer Society",
}

@Article{Endrullis:2013:CTI,
  author =       "J{\"{o}}rg Endrullis and Helle Hvid Hansen and Dimitri
                 Hendriks and Andrew Polonsky and Alexandra Silva",
  title =        "A Coinductive Treatment of Infinitary Rewriting",
  journal =      "CoRR",
  volume =       "abs/1306.6224",
  year =         "2013",
}

@InProceedings{Abel:2007:MIC,
  author =       "Andreas Abel",
  title =        "Mixed Inductive/Coinductive Types and Strong
                 Normalization",
  booktitle =    "Proc. APLAS 2007",
  pages =        "286--301",
  year =         "2007",
  editor =       "Zhong Shao",
  series =       "Lecture Notes in Computer Science",
  volume =       "4807",
  publisher =    "Springer",
}

@Misc{Danielsson:2009:MIC,
  author =       "Nils Anders Danielsson and Thorsten Altenkirch",
  title =        "Mixing Induction and Coinduction",
  year =         "2009",
  note =         "unpublished manuscript",
  howpublished = "\url{http://www.cse.chalmers.se/~nad/publications/danielsson-altenkirch-mixing.html}",
}

@Article{Mogelberg:2014:LUS,
  altauthor =    "Rasmus Ejlers M{\o}gelberg and Sam Staton",
  author =       "Rasmus M{\o}gelberg and Sam Staton",
  title =        "Linear usage of state",
  journal =      "Log.\ Meth.\ Comput.\ Sci.",
  volume =       "10",
  nonumber =     "1",
  year =         "2014",
}

@InProceedings{Schurmann:2009:EET,
  author =       "Carsten Sch{\"{u}}rmann",
  title =        "Electronic Elections: Trust Through Engineering",
  booktitle =    "Proc. RE-VOTE 2009",
  pages =        "38--46",
  year =         "2009",
  publisher =    "{IEEE} Computer Society",
}

@InProceedings{Necula:1997:PCC,
  author =       "George C. Necula",
  title =        "Proof-Carrying Code",
  booktitle =    "Proc. POPL 1997",
  pages =        "106--119",
  year =         "1997",
  editor =       "Peter Lee and Fritz Henglein and Neil D. Jones",
  publisher =    "{ACM} Press",
}

@Article{Culnane:2014:VVV,
  author =       "Chris Culnane and Peter Y. A. Ryan and Steve Schneider
                 and Vanessa Teague",
  title =        "vVote: a Verifiable Voting System {(DRAFT)}",
  journal =      "CoRR",
  volume =       "abs/1404.6822",
  year =         "2014",
}

@Article{Appel:2003:TPC,
  author =       "Andrew W. Appel and Neophytos G. Michael and Aaron
                 Stump and Roberto Virga",
  title =        "A Trustworthy Proof Checker",
  journal =      "J. Autom. Reasoning",
  volume =       "31",
  number =       "3-4",
  pages =        "231--260",
  year =         "2003",
}

@Article{Chaum:2004:SBR,
  author =       "David Chaum",
  title =        "Secret-Ballot Receipts: True Voter-Verifiable
                 Elections",
  journal =      "{IEEE} Security {\&} Privacy",
  volume =       "2",
  number =       "1",
  pages =        "38--47",
  year =         "2004",
}

@Article{Stone:1979:ILC,
  author =       "A. H. Stone",
  title =        "Inverse Limits of Compact Topological Spaces",
  journal =      "General Topology and its Applications",
  volume =       "10",
  number =       "2",
  pages =        "203--211",
  year =         "1979",
}

@InCollection{Petre:2009:ASP,
  author =       "Ion Petre and Arto Salomaa",
  booktitle =    "Handbook of Weighted Automata",
  title =        "Algebraic systems and pushdown automata",
  pages =        "257-‚Äì289",
  publisher =    "Springer",
  year =         "2009",
}

@Article{Winter:2013:CCC,
  author =       "Joost Winter and Marcello M. Bonsangue and Jan J. M.
                 M. Rutten",
  title =        "Coalgebraic Characterizations of Context-Free
                 Languages",
  journal =      "Logical Methods in Computer Science",
  volume =       "9",
  number =       "3",
  year =         "2013",
}

@InProceedings{Schulz:2004:SD,
  author =       "Stephan Schulz",
  title =        "System Description: {E} 0.81",
  booktitle =    "Proc. IJCAR 2004",
  year =         "2004",
  editor =       "David A. Basin and Micha{\"{e}}l Rusinowitch",
  series =       "Lecture Notes in Computer Science",
  volume =       "3097",
  publisher =    "Springer",
}

@Article{Riazanov:2002:DIV,
  author =       "Alexandre Riazanov and Andrei Voronkov",
  title =        "The design and implementation of {VAMPIRE}",
  journal =      "{AI} Commun.",
  volume =       "15",
  number =       "2-3",
  pages =        "91--110",
  year =         "2002",
}

@InProceedings{Weidenbach:2009:SV,
  author =       "Christoph Weidenbach and Dilyana Dimova and Arnaud
                 Fietzke and Rohit Kumar and Martin Suda and Patrick
                 Wischnewski",
  title =        "{SPASS} Version 3.5",
  booktitle =    "Proc. CADE 22",
  pages =        "140--145",
  year =         "2009",
  editor =       "Renate A. Schmidt",
  series =       "Lecture Notes in Computer Science",
  volume =       "5663",
  publisher =    "Springer",
}

@InProceedings{Gasquet:2005:LLT,
  author =       "Olivier Gasquet and Andreas Herzig and Dominique
                 Longin and Mohamad Sahade",
  title =        "LoTREC: Logical Tableaux Research Engineering
                 Companion",
  booktitle =    "Proc. Tableaux 2005",
  pages =        "318--322",
  year =         "2005",
  editor =       "Bernhard Beckert",
  series =       "Lecture Notes in Computer Science",
  volume =       "3702",
  publisher =    "Springer",
}

@InProceedings{Beckert:1998:SDE,
  author =       "Bernhard Beckert and Rajeev Gor{\'{e}}",
  title =        "System Description: \emph{lean}K 2.0",
  booktitle =    "Proc. CADE 15",
  pages =        "51--55",
  year =         "1998",
  editor =       "Claude Kirchner and H{\'{e}}l{\`{e}}ne Kirchner",
  series =       "Lecture Notes in Computer Science",
  volume =       "1421",
  publisher =    "Springer",
}

@InProceedings{Haarslev:2001:RSD,
  author =       "Volker Haarslev and Ralf M{\"{o}}ller",
  title =        "{RACER} System Description",
  booktitle =    "Proc. {IJCAR} 2001",
  year =         "2001",
  editor =       "Rajeev Gor{\'{e}} and Alexander Leitsch and Tobias
                 Nipkow",
  series =       "Lecture Notes in Computer Science",
  volume =       "2083",
  publisher =    "Springer",
}

@InProceedings{David:2015:DTA,
  author =       "Am{\'{e}}lie David",
  title =        "Deciding {\textbackslash}mathsf ATL{\^{}}*
                 Satisfiability by Tableaux",
  booktitle =    "Proc. CADE 25",
  pages =        "214--228",
  year =         "2015",
  editor =       "Amy P. Felty and Aart Middeldorp",
  series =       "Lecture Notes in Computer Science",
  volume =       "9195",
  publisher =    "Springer",
}

@Article{Olivetti:2015:NSC,
  author =       "Nicola Olivetti and Gian Luca Pozzato",
  title =        "Nested sequent calculi and theorem proving for normal
                 conditional logics: The theorem prover {NESCOND}",
  journal =      "Intelligenza Artificiale",
  volume =       "9",
  number =       "2",
  pages =        "109--125",
  year =         "2015",
}

@InProceedings{Nalon:2014:RPC,
  author =       "Cl{\'{a}}udia Nalon and Lan Zhang and Clare Dixon and
                 Ullrich Hustadt",
  title =        "A Resolution Prover for Coalition Logic",
  booktitle =    "Proc. 2nd International Workshop on Strategic
                 Reasoning, {SR} 2014",
  pages =        "65--73",
  year =         "2014",
  editor =       "Fabio Mogavero and Aniello Murano and Moshe Y. Vardi",
  series =       "{EPTCS}",
  volume =       "146",
  year =         "2014",
}

@Article{Giordano:2009:TCP,
  author =       "Laura Giordano and Valentina Gliozzi and Nicola
                 Olivetti and Camilla Schwind",
  title =        "Tableau calculus for preference-based conditional
                 logics: {PCL} and its extensions",
  journal =      "{ACM} Trans. Comput. Log.",
  volume =       "10",
  number =       "3",
  year =         "2009",
}

@Article{Woodall:1994:PPE,
  author =       "D. R. Hill:1987:AST",
  title =        "Properties of preferential election rules",
  journal =      "Voting matters",
  volume =       "3",
  year =         "1994",
  pages =        "8--15",
}

@Article{Arrow:1950:DCS,
  author =       "K. J. Arrow",
  title =        "A difficulty in the concept of social welfare",
  journal =      "Journal of Political Economy",
  volume =       "58",
  number =       "4",
  year =         "1950",
  pages =        "328--346",
}

@Article{Hales:2008:FP,
  author =       "Thomas Hales",
  title =        "Formal Proof",
  journal =      "Notices of the AMS",
  volume =       "55",
  issue =        "11",
  pages =        "1370--1380",
  year =         "2008",
}

@InProceedings{Pattinson:2015:VCM,
  author =       "Dirk Pattinson and Carsten Sch{\"{u}}rmann",
  title =        "Vote Counting as Mathematical Proof",
  booktitle =    "Proc. {AI} 2015",
  pages =        "464--475",
  year =         "2015",
  editor =       "Bernhard Pfahringer and Jochen Renz",
  series =       "Lecture Notes in Computer Science",
  volume =       "9457",
  publisher =    "Springer",
}

@Book{Jones:2012:BBW,
  author =       "D. W. Jones and B. Simons",
  title =        "Broken Ballots: Will Your Vote Count?",
  publisher =    "CSLI Publications",
  year =         "2012",
}

@Misc{Pret-A-Voter:2016:PVS,
  author =       "Pret-A-Voter",
  title =        "The Pr{\^e}t {\`a} Voter System",
  URL =          "http://www.pretavoter.com/",
  note =         "accessed May 25, 2016",
  year =         "2016",
}

@Misc{Helios:2016:HVS,
  author =       "Helios",
  title =        "The Helios Voting System",
  note =         "http://heliosvoting.org/, accessed June 25, 2016",
  year =         "2016",
}

@Article{Chaum:2008:SEE,
  author =       "David Chaum and Aleksander Essex and Richard Carback
                 and Jeremy Clark and Stefan Popoveniuc and Alan T.
                 Sherman and Poorvi L. Vora",
  title =        "Scantegrity: End-to-End Voter-Verifiable Optical-Scan
                 Voting",
  journal =      "{IEEE} Security {\&} Privacy",
  volume =       "6",
  number =       "3",
  pages =        "40--46",
  year =         "2008",
}

@InProceedings{Gore:2014:PMC,
  author =       "Rajeev Gor{\'{e}} and Thomas Meumann",
  title =        "Proving the monotonicity criterion for a plurality
                 vote-counting program as a step towards verified
                 vote-counting",
  booktitle =    "Proc. {EVOTE} 2014",
  pages =        "1--7",
  year =         "2014",
  editor =       "Robert Krimmer and Melanie Volkamer",
  publisher =    "{IEEE}",
}

@Misc{Union:2016:CBM,
  author =       "{The} {ANU} Union",
  URL =          "http://www.anuunion.
                 com.au/the-anu-union/constitution/",
  title =        "Constitution and Board Minutes",
  note =         "accessed May 27, 2016",
  year =         "2016",
}

@Article{Berger:2001:WAD,
  title =        "The Warshall algorithm and Dickson's lemma: Two
                 examples of realistic program extraction",
  author =       "Ulrich Berger and Helmut Schwichtenberg and Monika
                 Seisenberger",
  journal =      "Journal of Automated Reasoning",
  volume =       "26",
  number =       "2",
  pages =        "205--221",
  year =         "2001",
  publisher =    "Springer",
}

@InProceedings{Cochran:2013:FMB,
  author =       "Dermot Cochran and Joseph R. Kiniry",
  title =        "Formal Model-Based Validation for Tally Systems",
  booktitle =    "Proc. Vote-ID 2013",
  pages =        "41--60",
  year =         "2013",
  editor =       "James Heather and Steve A. Schneider and Vanessa
                 Teague",
  volume =       "7985",
  publisher =    "Springer",
}

@PhdThesis{Cochran:2012:FSA,
  author =       "D. Cochran",
  title =        "Formal Specification and Analysis of Danish and Irish
                 Ballot Counting Algorithms",
  institution =  "ITU",
  country =      "Denmark",
  year =         "2012",
}

@InProceedings{Beckert:2014:RAV,
  author =       "B. Beckert and T. B{\"o}rmer and R. Gor{\'e} and M.
                 Kirsten and T. Meumann",
  title =        "Reasoning about vote counting schemes using
                 light-weight and heavy-weight methods",
  booktitle =    "Proc. VERIFY 2014: Workshop associated with IJCAR
                 2014",
  year =         "2014",
}

@Article{Hill:1987:AST,
  author =       "I. D. Hill and B. A. Wichmann and D. R. Hill:1987:AST",
  title =        "Algorithm 123 : Single transferable vote by Meek‚Äôs
                 method",
  journal =      "Computer Journal",
  volume =       "30",
  pages =        "277-‚Äì281",
  year =         "1987",
}

@InProceedings{Dawson:2015:MCR,
  author =       "Jeremy E. Dawson and Rajeev Gor{\'{e}} and Thomas
                 Meumann",
  title =        "Machine-Checked Reasoning About Complex Voting Schemes
                 Using Higher-Order Logic",
  booktitle =    "Proc. E-Vote-ID 2015",
  pages =        "142--158",
  year =         "2015",
  editor =       "Rolf Haenni and Reto E. Koenig and Douglas
                 Wikstr{\"{o}}m",
  series =       "Lecture Notes in Computer Science",
  volume =       "9269",
  publisher =    "Springer",
}

@InProceedings{Schurmann:2009:TPA,
  author =       "Carsten Sch{\"{u}}rmann",
  title =        "The Twelf Proof Assistant",
  booktitle =    "Proc. TPHOL 2009",
  pages =        "79--83",
  year =         "2009",
  editor =       "Stefan Berghofer and Tobias Nipkow and Christian Urban
                 and Makarius Wenzel",
  series =       "Lecture Notes in Computer Science",
  volume =       "5674",
  publisher =    "Springer",
}

@Book{Troelstra:1988:CMI,
  author =       "Arne Troelstra and Dirk van Dalen",
  year =         "1988",
  title =        "Constructivism in mathematics: an introduction.",
  note =         "Two volumes.",
  publisher =    "North Holland",
}

@InProceedings{Rivest:2010:OSW,
  editor =       "Vincent Conitzer and J√∂rg Rothe",
  booktitle =    "Proc. COMSOC 2010",
  publisher =    "Duesseldorf University Press",
  author =       "Ronald L. Rivest and Emily Shen",
  title =        "An Optimal Single-Winner Preferential Voting System
                 Based on Game Theory",
  year =         "2010",
}

@Article{Schulze:2011:NMC,
  author =       "Markus Schulze",
  title =        "A new monotonic, clone-independent, reversal
                 symmetric, and {C}ondorcet-consistent single-winner
                 election method",
  journal =      "Social Choice and Welfare",
  year =         "2011",
  volume =       "36",
  number =       "2",
  pages =        "267--303",
}

@Article{Hemaspaandra:2016:SRP,
  author =       "Lane A. Hemaspaandra and Rahman Lavaee and Curtis
                 Menton",
  title =        "Schulze and ranked-pairs voting are fixed-parameter
                 tractable to bribe, manipulate, and control",
  journal =      "Ann. Math. Artif. Intell.",
  volume =       "77",
  number =       "3-4",
  pages =        "191--223",
  year =         "2016",
}

@Article{Carre:1971:ANR,
  author =       "B. A. Carr`{e}",
  title =        "An Algebra for Network Routing Problems",
  journal =      "IMA Journal of Applied Mathematics",
  volume =       "7",
  number =       "3",
  pages =        "273",
  year =         "1971",
}

@Article{Arkoudas:2005:DRC,
  author =       "Konstantine Arkoudas and Martin C. Rinard",
  title =        "Deductive Runtime Certification",
  journal =      "Electr. Notes Theor. Comput. Sci.",
  volume =       "113",
  pages =        "45--63",
  year =         "2005",
}

@Article{Kozen:2016:PC,
  author =       "Dexter Kozen and Alexandra Silva",
  title =        "Practical coinduction",
  journal =      "Mathematical Structures in Computer Science",
  month =        feb,
  year =         "2016",
  pages =        "1--21",
}

@Article{Bertot:2006:CC,
  author =       "Yves Bertot",
  title =        "CoInduction in Coq",
  journal =      "CoRR",
  volume =       "abs/cs/0603119",
  year =         "2006",
}

@InProceedings{Kumar:2014:CVI,
  author =       "Ramana Kumar and Magnus O. Myreen and Michael Norrish
                 and Scott Owens",
  title =        "CakeML: a verified implementation of {ML}",
  booktitle =    "Proc. {POPL} 2014",
  pages =        "179--192",
  year =         "2014",
  editor =       "Suresh Jagannathan and Peter Sewell",
  publisher =    "{ACM}",
}

@Article{Tarski:1955:LTF,
  author =       "Alfred Tarski",
  year =         "1955",
  title =        "A lattice-theoretical fixpoint theorem and its
                 applications",
  journal =      "Pacific Journal of Mathematics",
  volume =       "5",
  number =       "2",
  pages =        "285-‚Äì309",
}

@InProceedings{Parkes:2012:CSB,
  author =       "D. Parkes and L. Xia",
  title =        "A complexity-of-strategic-behavior comparison between
                  {S}chulze‚Äôs rule and ranked pairs",
  booktitle =    "Proc. AAAI 26",
  editor =       "J{\"o}rg Hoffmann and Bart Selman",
  pages =        "1429-‚Äì1435",
  publisher =    "AAAI Press",
  year =         "2012",
}

@Article{Kurrild-Klitgaard:2001:EEC,
  author =       "Peter Kurrild-Klitgaard",
  title =        "An Empirical Example of the {C}ondorcet Paradox of
                 Voting in a Large Electorate",
  journal =      "Public Choice",
  volume =       "107",
  number =       "1/2",
  year =         "2001",
  pages =        "135--145",
}

@InCollection{Brandt:2016:ICS,
  author =       "F. Brandt and V. Conitzer and U. Endriss and J. Lang
                 and A. D. Procaccia",
  title =        "Introduction to computational social choice",
  editor =       "F. Brandt and V. Conitzer and U. Endriss and J. Lang
                 and A. D. Procaccia",
  booktitle =    "Handbook of Computational Social Choice",
  note =         "chapter 1",
  publisher =    "Cambridge University Press",
  year =         "2016",
}

@TechReport{Leroy:2016:OSR,
  title =        "The {OC}aml system release 4.04 Documentation and
                 user‚Äôs manual",
  author =       "Xavier Leroy and Damien Doligez and Alain Frisch and
                 Jacques Garrigue and Didier R{\'e}my and J{\'e}r{\^o}me
                 Vouillon",
  year =         "2016",
  institution =  "Institut National de Recherche en Informatique et en
                 Automatique (INRIA)",
}

@Article{Landin:1964:MEE,
  author =       "P. J. Landin",
  title =        "The Mechanical Evaluation of Expressions",
  journal =      "The Computer Journal",
  volume =       "6",
  number =       "4",
  pages =        "308",
  year =         "1964",
}

@Misc{AEC:2013:LMM,
  author =       "{Australian Electoral Commission}",
  title =        "{L}etter to {M}r {M}ichael {C}ordover, {LSS4883}
                 {O}utcome of {I}nternal {R}eview of the {D}ecision to
                 {R}efuse your {FOI} {R}equest No. {LS4849}",
  year =         "2013",
  note =         "{a}valiable via
                 \url{http://www.aec.gov.au/information-access/foi/2014/files/ls4912-1.pdf},
                 retrieved May 14, 2017",
}

@Article{Carrier:2012:VCT,
  author =       "M. A. Carrier",
  title =        "Vote counting, technology, and Unintended
                 Consequences",
  journal =      "St Johns Law Review",
  volume =       "79",
  pages =        "645--685",
  year =         "2012",
}

@InProceedings{Conway:2017:ANS,
  author =       "A. Conway and M. Blom and L. Naish and V. Teague",
  title =        "An analysis of {N}ew {S}outh {W}ales electronic vote
                 counting",
  booktitle =    "Proc. ACSW 2017",
  pages =        "24:1--24:5",
  year =         "2017",
}

@Misc{EA:2016:EVC,
  author =       "{Elections ACT}",
  title =        "Electronic Voting and Counting",
  note =         "{a}valilable via
                 \url{http://www.elections.act.gov.au/elections_and_voting/electronic_voting_and_counting},
                 retrieved May 14, 2017",
  year =         "2016",
}

@InCollection{Hood:2001:T,
  author =       "C. Hood",
  title =        "Transparency",
  editor =       "P. B. Clarke and J. Foweraker",
  booktitle =    "Encyclopedia of Democratic Thought",
  publisher =    "Routledge",
  year =         "2001",
  pages =        "700--704",
}

@InCollection{Meijer:2014:T,
  author =       "A. Meijer",
  title =        "Transparency",
  editor =       "M. Bovens and R. E. Goodin and T. Schillemans",
  booktitle =    "The Oxford Handbook of Public Accountability",
  publisher =    "Oxford University Press",
  year =         "2014",
  pages =        "507--524",
}

@Book{ONeill:2002:QT,
  author =       "O. O'Neill",
  title =        "A Question of Trust",
  publisher =    "Cambridge University Press",
  year =         "2002",
}

@Book{Vogl:2012:WWC,
  author =       "F. Vogl",
  title =        "Waging War on Corruption: Inside the Movement Fighting
                 the Abuse of Power",
  publisher =    "Rowman \& Littlefield",
  year =         "2012",
}

@Article{Benaloh:2009:SSC,
  author =       "Josh Benaloh and Tal Moran and Lee Naish and Kim
                 Ramchen and Vanessa Teague",
  title =        "Shuffle-sum: coercion-resistant verifiable tallying
                 for {STV} voting",
  journal =      "{IEEE} Trans. Information Forensics and Security",
  volume =       "4",
  number =       "4",
  pages =        "685--698",
  year =         "2009",
}

@InProceedings{Wolchok:2012:AWD,
  author =       "Scott Wolchok and Eric Wustrow and Dawn Isabel and J.
                 Alex Halderman",
  title =        "Attacking the Washington, {D.C.} Internet Voting
                 System",
  booktitle =    "Proc. Financial Cryptography and Data Security 2012",
  pages =        "114--128",
  year =         "2012",
  editor =       "Angelos D. Keromytis",
  series =       "Lecture Notes in Computer Science",
  volume =       "7397",
  publisher =    "Springer",
}

@Article{Halderman:2015:NSW,
  author =       "J. Alex Halderman and Vanessa Teague",
  title =        "The New South Wales iVote System: Security Failures
                 and Verification Flaws in a Live Online Election",
  journal =      "CoRR",
  volume =       "abs/1504.05646",
  year =         "2015",
}

@Misc{Foundation:2011:WFB,
  author =       "{T}he {W}ikimedia {F}oundation",
  title =        "Foundation:2011:WFB {F}oundation {B}oard Election Results",
  year =         "2011",
  note =         "{a}valiable via
                 \url{https://meta.wikimedia.org/wiki/Wikimedia_Foundation_elections/Board_elections/2011/Results/en},
                 retrieved May 30, 2017",
}

@InProceedings{Ghale:2017:FVS,
  author =       "Milad K. Ghale and Rajeev Gor{\'{e}} and Dirk
                 Pattinson",
  title =        "A Formally Verified Single Transferable Vote Scheme
                 with Fractional Values",
  booktitle =    "Proc. E-Vote-ID 2017",
  editor =       "Robert Krimmer and Melanie Volkamer",
  publisher =    "Springer",
  series =       "LNCS",
  year =         "2017",
  note =         "{T}his volume",
}

@Article{Arkoudas:2007:CJM,
  author =       "Konstantine Arkoudas and Selmer Bringsjord",
  title =        "Computers, Justification, and Mathematical Knowledge",
  journal =      "Minds and Machines",
  volume =       "17",
  number =       "2",
  pages =        "185--202",
  year =         "2007",
}

@Book{Yi:2014:HEA,
  title =        "Homomorphic Encryption and Applications",
  author =       "Xun Yi and Russell Paulet and Elisa Bertino",
  publisher =    "Springer",
  series =       "Briefs in Computer Science",
  year =         "2014",
}

@InProceedings{Kremer:2010:EVE,
  author =       "Steve Kremer and Mark Ryan and Ben Smyth",
  title =        "Election Verifiability in Electronic Voting
                 Protocols",
  booktitle =    "Proc. {ESORICS} 2010",
  pages =        "389--404",
  editor =       "Dimitris Gritzalis and Bart Preneel and Marianthi
                 Theoharidou",
  series =       "Lecture Notes in Computer Science",
  volume =       "6345",
  publisher =    "Springer",
  year =         "2010",
}

@InProceedings{Pattinson:2017:SVE,
  author =       "Dirk Pattinson and Mukesh Tiwari",
  title =        "Schulze Voting as Evidence Carrying Computation",
  booktitle =    "Proc. {ITP} 2017",
  pages =        "410--426",
  year =         "2017",
  editor =       "Mauricio Ayala{-}Rinc{\'{o}}n and C{\'{e}}sar A.
                 Mu{\~{n}}oz",
  series =       "Lecture Notes in Computer Science",
  volume =       "10499",
  publisher =    "Springer",
}

@InProceedings{Bayer:2012:EZK,
  author =       "Stephanie Bayer and Jens Groth",
  title =        "Efficient Zero-Knowledge Argument for Correctness of a
                 Shuffle",
  booktitle =    "Proc. {EUROCRYPT} 2012",
  pages =        "263--280",
  year =         "2012",
  editor =       "David Pointcheval and Thomas Johansson",
  series =       "Lecture Notes in Computer Science",
  volume =       "7237",
  publisher =    "Springer",
}

@InProceedings{Bernhard:2017:PES,
  author =       "Matthew Bernhard and Josh Benaloh and J. Alex
                 Halderman and Ronald L. Rivest and Peter Y. A. Ryan and
                 Philip B. Stark and Vanessa Teague and Poorvi L. Vora
                 and Dan S. Wallach",
  title =        "Public Evidence from Secret Ballots",
  booktitle =    "Proc. E-Vote-ID 2017",
  pages =        "84--109",
  year =         "2017",
  editor =       "Robert Krimmer and Melanie Volkamer and Nadja Braun
                 Binder and Norbert Kersting and Olivier Pereira and
                 Carsten Sch{\"{u}}rmann",
  series =       "Lecture Notes in Computer Science",
  volume =       "10615",
  publisher =    "Springer",
}

@InProceedings{Hirt:2000:ERF,
  author =       "Martin Hirt and Kazue Sako",
  title =        "Efficient Receipt-Free Voting Based on Homomorphic
                 Encryption",
  booktitle =    "Proc. {EUROCRYPT} 2000",
  pages =        "539--556",
  year =         "2000",
  editor =       "Bart Preneel",
  series =       "Lecture Notes in Computer Science",
  volume =       "1807",
  publisher =    "Springer",
}

@InProceedings{Klinov:2011:HMP,
  author =       "Pavel Klinov and Bijan Parsia",
  title =        "A Hybrid Method for Probabilistic Satisfiability",
  booktitle =    "Proc. CADE 2011",
  year =         "2011",
  pages =        "354--368",
  editor =       "Nikolaj Bj{\o}rner and Viorica Sofronie-Stokkermans",
  publisher =    "Springer",
  series =       "Lecture Notes in Computer Science",
  volume =       "6803",
}

@InProceedings{Lutz:2010:PDL,
  author =       "Carsten Lutz and Lutz Schr{\"o}der",
  title =        "Probabilistic Description Logics for Subjective
                 Uncertainty",
  booktitle =    "Proc. KR 2010",
  year =         "2010",
  editor =       "Fangzhen Lin and Ulrike Sattler and Miroslaw
                 Truszczynski",
  publisher =    "AAAI Press",
}


@Article{Parsovs:2016:HTE,
  author =       "Arnis Parsovs",
  title =        "Homomorphic Tallying for the Estonian Internet Voting
                 System",
  journal =      "{IACR} Cryptology ePrint Archive",
  volume =       "2016",
  pages =        "776",
  year =         "2016",
}

@InProceedings{deMarneffe:2009:EUP,
  author =       "Olivier de Marneffe and Olivier Pereira and
                 Jean{-}Jacques Quisquater",
  title =        "Electing a University President Using Open-Audit
                 Voting: Analysis of Real-World Use of Helios",
  booktitle =    "Proc. EVT/WOTE 2009",
  year =         "2009",
  editor =       "David Jefferson and Joseph Lorenzo Hall and Tal
                 Moran",
  publisher =    "{USENIX} Association",
}

